3176 4898
724 337 765 403 53

647 425 847 434 Μ

208 535 383 608 potestatem
398 549 486 608 quam
502 528 567 586 aliis
586 526 712 586 ducibus
726 528 824 602 fuisse,
844 527 926 586 haud
948 527 1070 587 difficile
1086 526 1278 586 concluditur.

209 641 301 700 Velut
316 640 332 698 I
349 641 387 698 69
404 639 478 698 haec
492 637 583 698 verba
598 639 707 717 scripta
722 645 804 696 sunt:

359 736 512 832 Ἀτρείδη,
528 745 564 807 σὺ
579 743 635 830 μὲν
650 744 736 830 ἄρχε·
752 744 787 807 σὺ
803 744 861 831 γὰρ
878 742 1099 825 βασιλεύτατός
1115 745 1188 806 ἐσσι.

275 859 338 920 Sed
350 860 399 917 hic
413 859 515 931 honor,
532 858 582 936 qui
597 855 815 934 Agamemnoni
830 857 982 930 tribuitur,
1006 858 1033 915 ei
1049 855 1144 927 datur,
1170 857 1281 934 quippe

209 971 260 1048 qui
277 969 338 1028 dux
354 987 484 1027 summus
501 969 546 1026 sit.
578 966 643 1025 Nec
658 965 792 1026 Nestoris
806 966 899 1027 verba
915 973 1092 1045 repugnant,
1108 967 1160 1045 qui
1176 960 1200 1024 A
1219 967 1280 1023 281

210 1079 284 1137 haec
299 1079 426 1157 profert:

364 1185 431 1247 ἀλλ’
452 1175 505 1248 ὅδε
521 1184 661 1270 φέρτερός
676 1184 767 1261 ἐστιν,
784 1184 848 1246 ἐπεὶ
863 1183 1036 1246 πλεόνεσσιν
1053 1180 1185 1245 ἀνάσσει.

275 1297 463 1374 Agamemno
476 1299 567 1376 igitur
578 1297 641 1355 dux
653 1295 749 1354 factus
761 1315 824 1354 esse
835 1295 962 1369 videtur,
970 1297 1110 1374 quoniam
1123 1298 1283 1355 maximam

211 1429 334 1467 manum
348 1407 387 1467 ad
398 1427 583 1466 communem
595 1405 814 1485 expeditionem
825 1406 999 1465 adduxerat.
1026 1405 1284 1483 Agamemnonem

211 1525 314 1577 autem
326 1525 438 1576 eeteros
447 1516 577 1576 Graecos
588 1515 627 1574 ad
639 1514 749 1574 bellum
762 1516 926 1592 gerendum
938 1539 997 1576 non
1010 1518 1148 1595 coegisse,
1158 1515 1284 1574 Achillis

214 1626 307 1686 verba
323 1613 455 1686 indicare
470 1625 617 1699 videntur,
631 1627 685 1704 qui
700 1621 724 1686 A
744 1626 804 1684 158
821 1646 875 1705 sqq
889 1627 963 1686 haec
978 1627 1067 1686 dixit:

319 1734 403 1798 ἀλλὰ
419 1733 475 1808 σοί,
492 1727 517 1794 oi
534 1732 599 1820 μέγ’
620 1721 749 1810 ἀναιδές,
766 1730 814 1818 ἅμ’
835 1733 973 1819 ἑσπόμεθ’
994 1733 1069 1821 όρρα
1084 1735 1121 1795 σὺ
1136 1732 1242 1819 χαίρῃς

319 1844 412 1930 τιμὴν
428 1843 585 1930 ἀρνύμενοι
605 1840 751 1924 Μενελάῳ
766 1841 813 1912 σοί
827 1865 872 1922 τε,
888 1854 1023 1921 κυνῶπα,

318 1956 393 2040 πρός
404 1952 529 2040 Τρώων.

278 2067 345 2142 Quo
366 2067 430 2125 loco
446 2088 505 2126 non
526 2067 643 2125 silentio
664 2067 948 2144 praetermittamus,
972 2077 1155 2147 quantopere
1177 2069 1284 2126 miran-

215 2177 287 2237 dum
303 2179 349 2252 sit,
363 2175 443 2256 quod
459 2197 518 2234 non
534 2176 688 2235 Menelaus
704 2177 811 2234 coniux
826 2176 923 2234 laesus
939 2175 1120 2237 Graecorum
1136 2178 1284 2251 duxerat,

213 2287 267 2346 sed
282 2287 467 2364 Agamemno
482 2286 583 2345 frater.
628 2285 694 2354 Iam
709 2305 781 2345 vero
795 2285 971 2345 Aristoteles
994 2289 1025 2345 in
1047 2308 1101 2347 sua
1123 2289 1285 2346 carminum

215 2398 428 2456 homericorum
443 2395 572 2455 editione
587 2396 732 2454 nonnulla
745 2394 836 2455 verba
855 2396 987 2474 legebat,
1009 2417 1085 2477 quae
1106 2417 1286 2477 quamquam

215 2507 304 2566 hodie
326 2509 358 2566 in
378 2508 484 2566 nostris
508 2505 591 2564 libris
611 2526 671 2564 non
693 2507 752 2564 iam
776 2515 907 2580 exstant,
934 2515 1034 2568 tamen
1057 2515 1286 2567 commemoratu

213 2617 308 2694 digna
323 2625 406 2676 sunt:
423 2598 693 2675 Aristoteles'euim
708 2617 739 2674 in
754 2617 836 2695 polit.
854 2619 881 2689 3,
900 2621 928 2691 9,
952 2621 969 2674 2
987 2619 1060 2678 haee
1077 2617 1167 2677 habet
1181 2616 1285 2676 verba:
1364 2691 1366 2696 ,

218 2723 302 2797 Αὕτη
321 2723 376 2812 μὲν
393 2718 443 2786 οὖν
460 2727 478 2794 η’
495 2722 632 2804 βασιλεία
647 2717 708 2784 οἷον
725 2723 897 2810 στρατηγία
917 2747 960 2797 τις
982 2724 1219 2810 αὐτοκρατόρων
1234 2723 1287 2786 καὶ

217 2827 312 2908 subto
327 2836 426 2897 ἐστιν·
443 2843 560 2896 κτεῖναι
575 2833 633 2920 γὰρ
650 2836 684 2896 οὐ
700 2832 805 2918 κύριος,
821 2839 847 2895 εἰ
863 2833 904 2920 μὴ
921 2837 953 2896 ἐν
969 2858 1027 2897 τινι
1039 2834 1178 2918 βασιλεία
1192 2833 1287 2897 καθά·
1321 2843 1322 2846 ’

214 2967 269 3032 περ
287 2946 336 3008 ἐπὶ
350 2943 560 3029 τῶνοίρχαίων
577 2945 608 3018 ἐν
624 2953 693 3016 ταῖς
707 2947 886 3029 πολεμικαῖς
902 2925 1016 3024 ἐξόδοις
1038 2945 1069 3008 ἐν
1085 2944 1180 3031 χειρός
1194 2945 1286 3031 νόμῳ.
1394 2968 1402 2978 ·

217 3054 318 3125 Δηλοῖ
331 3047 357 3116 δ’
372 3052 527 3140 Ὅμηρος·
548 3059 564 3116 ό
579 3053 637 3140 γαρ
649 3051 857 3141 Ἀγαμέμνων
872 3060 974 3126 κακῶς
993 3053 1048 3140 μὲν
1069 3055 1188 3118 ἀκοόων
1208 3054 1288 3125 ἠνεί-

216 3187 289 3250 χετο
305 3166 336 3228 ἐν
351 3173 420 3238 ταῖς
436 3167 628 3251 πολεμικαῖς,
648 3161 831 3244 ἐξελθόντων
855 3153 889 3226 δὲ
911 3163 963 3226 καὶ
983 3173 1100 3226 κτεῖναι
1123 3163 1220 3249 κύριος
1241 3158 1287 3244 ἦν,

217 3275 300 3360 λέγει
315 3280 404 3362 γοῦν·
427 3274 459 3337 όν
476 3266 510 3336 δέ
526 3274 550 3336 κ’
571 3270 649 3363 ἐγὼν
666 3271 814 3338 ἀπάνευθε
829 3273 926 3360 μάχας
942 3273 976 3337 οὕ
994 3280 1021 3337 οἱ
1037 3275 1137 3362 ἄρκιον
1153 3276 1287 3338 ἐσσεῖται

216 3383 335 3472 φυγέειν
351 3377 442 3459 κόναξ
455 3377 503 3456 ἠδ’
524 3382 659 3458 οἰωνούς·
673 3384 734 3472 adp·
750 3384 808 3474 γαρ
825 3385 894 3469 ἐμοὶ
907 3383 1046 3459 θάνατος.

282 3498 339 3556 Ηίε
354 3498 446 3575 igitur
460 3497 558 3556 verbis
570 3496 789 3574 Agamemnoni
805 3519 949 3556 summum
965 3496 1105 3556 tribuitur
1119 3498 1288 3576 imperium3

217 3608 296 3686 quod
312 3607 458 3687 quomodo
472 3607 599 3687 adeptus
614 3608 652 3665 sit
667 3628 726 3666 non
743 3606 872 3666 affertur.
913 3606 973 3666 Sed
989 3614 1113 3680 constat,
1128 3607 1287 3684 Agamem·

217 3719 303 3776 nonis
317 3718 473 3797 imperium
488 3738 548 3776 non
564 3716 688 3775 liberum
708 3717 812 3791 fuisse,
835 3715 885 3776 sed
910 3715 1018 3775 ducum
1038 3725 1201 3776 ceterorum
1224 3737 1288 3776 sen·
1378 3745 1382 3752 ·

217 3829 325 3888 tentias
340 3827 541 3908 respiciendae
555 3827 654 3886 fuisse.
697 3825 835 3906 Namque
854 3828 982 3905 primum
998 3827 1118 3906 quidem
1133 3827 1288 3906 imperium

218 3938 407 3997 concionibus
421 3938 529 3997 habitis
546 3923 744 3997 coercebatur}
775 3936 890 4011 Quibus
903 3936 1091 3997 concionibus
1103 3939 1175 4018 quin
1188 3958 1288 3998 omnes

220 4047 327 4108 Graeci
343 4049 530 4107 interfuerint
546 4069 605 4107 non
620 4055 664 4108 est
679 4068 731 4107 cur
745 4047 908 4106 dubitetur:
929 4055 958 4108 et
972 4068 1150 4128 quamquam
1167 4048 1205 4108 ad
1222 4071 1290 4108 con-
