3162 4896
821 328 862 391 46

310 517 333 574 si
349 524 519 593 negaretur,
541 514 651 574 bellum
667 514 838 576 indicerent.
887 516 1008 576 Ulixem
1032 524 1129 574 autem
1152 535 1186 573 ae
1209 515 1378 574 Menelaum

310 625 458 686 Helenam
473 626 598 704 petitum
612 626 733 684 Troiam
748 627 851 684 missos
870 645 940 699 esse,
963 646 999 685 ex
1020 624 1118 685 verbis
1137 624 1255 704 probari
1274 630 1378 704 potest,

310 755 386 815 quae
400 731 426 794 Γ
442 736 502 794 205
519 756 573 814 sqq
587 736 739 812 leguntur:

462 849 521 931 ἤδη
537 856 594 947 γὰρ
610 859 662 922 καὶ
677 851 764 946 δεῦρό
779 859 847 923 ποτ’
867 859 960 931 ἤλυθε
975 852 1038 934 δῖος
1049 850 1231 937 Ὀδυσσεύς,

464 975 514 1032 σεῦ
529 966 602 1031 ἕνεκ’
619 967 770 1056 ἀγγελίης,
785 969 838 1031 σὺν
855 969 1001 1055 ἀρηιφίλῳ
1017 967 1168 1050 Μενελάῳ

313 1098 360 1160 cf.
375 1095 409 1158 A
426 1101 496 1160 140.
541 1096 656 1172 Quibus
670 1097 768 1158 verbis
783 1098 861 1158 adde
876 1094 901 1158 Γ
917 1102 992 1160 209:

465 1231 531 1292 ἀλλ’
551 1232 603 1294 ὅτε
618 1222 655 1301 dri
673 1229 823 1315 Τρώεσσιν
839 1233 871 1294 ἐν
887 1233 1093 1319 ἀγρομένοισιν
1109 1229 1236 1318 ἔμιχθεν.

379 1370 439 1428 Hic
464 1367 561 1443 vides,
587 1369 757 1428 Menelaum
779 1378 808 1429 et
830 1369 950 1430 Ulixem
973 1372 1004 1428 in
1026 1371 1221 1429 Troianorum
1244 1370 1383 1429 concione

317 1478 410 1540 verba
424 1480 536 1538 fecisse.
582 1477 663 1552 Quid
678 1485 776 1538 autem
796 1477 878 1537 aliud
897 1480 942 1538 illi
957 1481 1013 1538 viri
1028 1477 1069 1538 ibi
1091 1480 1277 1558 protulerunt
1295 1500 1384 1559 quam

313 1588 391 1669 quod
414 1587 564 1647 Helenam
586 1595 701 1666 raptam
724 1588 915 1666 petiverunt?
944 1588 1033 1649 Adde
1056 1588 1246 1668 quodetiam
1261 1589 1385 1670 Tydeus

316 1732 356 1741 -
382 1698 419 1757 de
445 1718 503 1776 quo
526 1697 620 1756 multa
645 1698 704 1756 iam
730 1698 865 1776 exposita
888 1681 1017 1758 sunt-
1042 1696 1161 1758 Thebas
1186 1701 1292 1759 missus
1321 1718 1383 1759 esse

314 1808 442 1881 videtur,
461 1808 512 1887 qui
528 1826 563 1866 ea
577 1806 733 1886 proferret,
756 1827 832 1887 quae
846 1806 956 1867 Achivi
979 1809 1210 1888 postulaverunt.
1253 1807 1385 1868 Achivos

315 1927 413 1979 autem
427 1916 533 1997 Tydeo
555 1917 712 1976 infectare
727 1937 844 1976 reverso
864 1916 975 1977 bellum
990 1919 1135 1997 incepisse
1150 1937 1186 1978 ex
1202 1938 1236 1977 eo
1251 1926 1384 1997 apparet,

316 2028 395 2109 quod
420 2028 494 2094 vieti
519 2027 674 2106 fugatique
699 2045 762 2086 esse
788 2026 935 2086 dicuntur.
980 2027 1138 2088 Sthenelus
1164 2028 1283 2107 quidem
1302 2027 1390 2105 Aga·

317 2139 480 2212 memnoni,
508 2137 559 2216 qui
578 2136 717 2196 Diomedi
740 2136 895 2215 opprobrio
915 2137 1035 2212 fecerat,
1056 2138 1136 2216 quod
1158 2139 1303 2197 maiorum
1324 2158 1385 2196 non
1470 2200 1473 2207 ,

315 2248 419 2308 similis
438 2254 526 2321 esset,
551 2246 711 2326 respondit,
734 2245 800 2305 illos
814 2245 952 2325 superbia
966 2267 1019 2306 sua
1032 2248 1187 2307 interiisse.
1230 2247 1386 2324 Leguntnr

314 2360 395 2419 enim
411 2353 438 2416 Δ
454 2359 516 2416 409
531 2357 604 2416 haec
620 2354 726 2416 verba:

460 2473 553 2526 κεῖνοι
569 2456 603 2526 δὲ
618 2463 793 2550 σφετέρῃσιν
810 2462 1028 2546 ἀτασθαλίῃσιν
1044 2463 1163 2528 ὄλοντο.

378 2603 435 2661 His
450 2609 549 2661 autem
568 2600 666 2661 verbis
687 2602 763 2660 nihil
782 2601 864 2660 aliud
882 2610 971 2682 poeta
990 2600 1071 2675 dicit,
1091 2603 1149 2660 nisi
1163 2602 1229 2660 illos
1243 2600 1384 2673 Achivos,

320 2733 385 2772 cum
401 2711 520 2772 Thebas
534 2719 677 2791 peterent,
692 2712 786 2770 victos
801 2719 1012 2790 superatosque
1026 2729 1096 2770 esse.

384 2822 450 2881 Iam
463 2841 534 2881 vero
548 2822 609 2880 illis
625 2823 695 2901 ipsis
710 2820 890 2900 temporibus
911 2829 1001 2900 pacta
1021 2829 1100 2879 certo
1119 2821 1246 2900 quodam
1267 2823 1388 2892 consilio

316 2934 398 2992 facta
431 2940 507 2991 sunt.
565 2931 634 2989 Duo
667 2932 795 2990 maxime
835 2931 1089 2990 commemoranda
1124 2940 1192 2989 sunt
1225 2933 1388 2990 certamina

319 3042 492 3118 singularia.
537 3039 584 3099 Ac
605 3042 732 3120 primum
754 3040 873 3119 quidem
896 3042 1034 3100 Hectoris
1059 3049 1088 3100 et
1109 3041 1212 3100 Aiacis
1241 3049 1388 3100 certamen

319 3151 565 3211 considerandum
581 3159 632 3210 est.
671 3152 783 3210 Hector
798 3153 876 3210 enim
892 3146 922 3211 H
937 3153 978 3210 46
994 3171 1047 3230 sqq
1062 3173 1080 3210 a
1092 3152 1229 3210 Minerva
1243 3153 1388 3210 excitatus

319 3263 430 3322 medios
462 3263 493 3319 in
518 3261 616 3320 hostes
642 3281 812 3339 progressus
837 3269 889 3333 est,
915 3269 948 3319 ut
974 3262 1117 3340 optimum
1141 3259 1323 3320 Achivorum
1348 3261 1388 3319 ad

319 3380 467 3432 certamen
507 3377 689 3449 provocaret.
748 3370 809 3429 Hic
848 3371 947 3429 statim
993 3371 1288 3430 animadvertendum
1334 3380 1387 3444 est,

320 3483 449 3542 Graecos
472 3499 588 3559 quoque
610 3480 661 3538 ubi
682 3481 808 3558 primum
829 3480 942 3538 Hector
961 3481 1105 3540 Troianos
1123 3500 1227 3559 pugna
1247 3480 1387 3540 desistere

320 3594 413 3666 iussit,
436 3612 568 3671 pugnam
595 3591 791 3650 intermisisse.
834 3589 927 3649 Vides
949 3591 1052 3668 igitur,
1074 3610 1157 3664 cum,
1180 3592 1229 3668 qui
1253 3592 1388 3670 quamvis

320 3703 419 3762 media
433 3704 464 3760 in
479 3704 543 3761 acie
558 3701 689 3760 dicturus
705 3708 789 3774 esset,
804 3700 868 3759 iure
883 3700 1011 3779 quodam
1026 3700 1178 3759 defensum
1194 3720 1265 3760 esse.
1300 3700 1388 3775 Quod

320 3815 353 3870 ni
379 3813 497 3885 fuisset,
524 3813 642 3870 omnino
669 3811 778 3869 andere
804 3830 890 3869 nemo
915 3810 1020 3889 potuit,
1046 3810 1098 3868 tali
1124 3809 1210 3868 modo
1240 3817 1388 3870 certamen

322 3922 471 3998 singulare
486 3922 570 3993 inire,
592 3929 747 4000 propterea
769 3919 849 3999 quod
869 3921 969 3978 statim
989 3920 1161 3979 interfectus
1179 3912 1334 3998 essetsqui
1350 3941 1388 3980 ex

322 4031 386 4090 acie
401 4030 626 4108 progrederetur
641 4038 669 4088 et
684 4029 723 4087 ad
737 4028 932 4108 pugnandum
948 4037 1091 4088 evocaret.
1131 4028 1178 4087 cf.
1194 4023 1225 4088 H
1240 4030 1279 4088 55
1297 4049 1331 4107 sq
