3176 4898
829 334 848 396 6

366 518 426 579 Sed
441 527 600 597 antequam
615 518 654 577 ad
668 539 731 578 rem
745 521 840 598 ipsam
860 521 1056 597 aggredimur,
1079 541 1166 599 quam
1185 521 1368 598 paucissimis

301 649 483 708 exponamus
505 649 624 688 necesse
647 637 704 701 est,
733 629 804 707 quid
825 629 957 688 dicamus
972 631 1017 688 ius
1039 632 1172 707 gentium
1187 631 1368 688 homericum

301 759 372 813 esso,
395 741 478 798 cuius
497 741 624 816 vestigia
642 739 784 816 indagare
805 742 836 799 in
859 742 957 799 animo
978 748 1030 798 est.
1076 741 1269 798 Notissimum
1290 740 1370 798 enim

302 857 354 921 est,
370 849 441 906 iuris
457 849 604 907 consultos
614 858 727 907 nostros
743 851 788 908 ius
800 851 934 927 gentium
949 849 1099 928 appellare
1115 849 1194 928 quod
1209 851 1304 908 Hooo
1320 848 1371 908 illo

302 959 441 1019 Guomus
452 961 563 1036 primus
576 960 661 1016 certis
676 959 783 1018 finibus
800 958 961 1039 descripsit.
991 960 1047 1018 Est
1062 967 1161 1017 autem
1176 960 1221 1017 ius
1236 959 1370 1036 gentium

304 1103 343 1117 -ν
352 1078 385 1126 ut
397 1069 564 1126 Horarum
579 1068 677 1128 verbis
691 1071 858 1127 utar—ius
874 1069 953 1148 quod
967 1071 1044 1127 inter
1059 1067 1166 1127 liberas
1180 1077 1284 1144 gentes
1298 1089 1369 1147 qua-

303 1201 368 1248 rum
385 1179 478 1237 altera
493 1178 577 1236 alteri
593 1198 653 1236 non
668 1185 712 1236 est
726 1177 865 1250 subiecta,
886 1198 979 1257 aeque
995 1177 1167 1237 observatur
1181 1197 1218 1236 ex
1233 1179 1370 1256 opinione

302 1289 431 1367 quadam
451 1288 645 1358 necessitatis,
662 1307 684 1346 -e
704 1287 832 1345 naturali
853 1289 966 1346 ratione
982 1272 1164 1346 descendens
1184 1306 1297 1365 usuque
1319 1283 1368 1362 (cf.

302 1400 466 1456 Harudum
481 1396 609 1474 prolusio
625 1396 661 1455 de
677 1398 798 1474 antiquo
814 1398 876 1455 iure
887 1399 1031 1473 gentium,
1044 1397 1167 1457 Bonnae
1183 1399 1265 1456 1823
1282 1395 1370 1470 edita,

302 1531 329 1588 p.
345 1509 385 1586 2).
416 1506 504 1580 Quod
519 1508 564 1563 ius
579 1507 714 1582 gentium
729 1506 906 1566 aveteribus
921 1508 1108 1585 maximeque
1124 1505 1275 1566 aGraeois
1289 1527 1369 1584 pror-

301 1639 350 1677 sus
365 1614 595 1676 abiudicandum
618 1635 681 1675 esso
697 1615 748 1674 iile
762 1617 809 1674 vir
824 1624 924 1675 censet
944 1615 994 1692 (of.
1011 1616 1032 1673 l.
1047 1616 1066 1675 l.
1083 1637 1112 1694 p.
1129 1619 1170 1687 3).
1214 1618 1280 1675 Iam
1299 1635 1370 1675 vero

301 1727 380 1784 idem
401 1726 590 1784 Harrrnnus
612 1726 644 1782 in
666 1725 754 1784 libro:
785 1726 868 1799 „Das
889 1726 1081 1804 europ‘a‘isohe
1096 1725 1295 1786 V'olkerrecht
1317 1725 1370 1785 der

302 1834 510 1911 Gegenwart‘g
524 1834 655 1893 Berolini
669 1837 757 1907 1844,
771 1837 828 1914 p.6
842 1835 983 1907 concedit,
1000 1836 1060 1892 iam
1072 1837 1282 1914 antiquissimis
1297 1844 1370 1896 tem·

301 1944 420 2022 poribus
436 1952 530 2002 certos
544 1945 720 2022 populorum
738 1964 832 2004 mores
852 1945 994 2017 inveniri,
1017 1946 1067 2023 qui
1088 1946 1215 2004 maxime
1238 1945 1277 2004 ad
1292 1945 1370 2004 bella

301 2053 440 2131 gerenda,
457 2052 495 2112 ad
509 2054 623 2130 legatos
637 2053 796 2113 mittendos
807 2053 1062 2132 excipiendosque,
1075 2053 1113 2112 ad
1124 2054 1243 2113 foedera
1253 2054 1371 2114 icienda

301 2171 443 2242 spectent.
473 2163 538 2221 Nec
553 2183 623 2222 vero
638 2165 668 2222 hi
683 2184 777 2222 mores
793 2166 843 2242 qui
857 2164 974 2222 initium
989 2164 1060 2222 iuris
1072 2165 1205 2240 gentium
1217 2163 1368 2241 praebent,

229 2338 232 2343 ,
302 2275 410 2333 servati
431 2280 500 2330 sunt
517 2281 673 2351 propterea
693 2273 773 2352 quod
788 2273 914 2351 populus
930 2272 1038 2350 populo
1059 2273 1230 2331 obstrictum
1252 2292 1283 2331 se
1307 2291 1370 2332 esse

303 2382 450 2454 censebat,
467 2381 519 2441 sed
534 2382 613 2460 quod
628 2381 749 2441 deorum
764 2382 847 2441 cultu
862 2390 892 2441 et
907 2384 1028 2460 antiquo
1040 2402 1120 2441 more
1134 2390 1285 2460 receptum
1297 2389 1368 2441 erat

302 2491 345 2550 At
360 2493 479 2550 omnino
494 2493 539 2550 ius
553 2493 687 2568 gentium
702 2511 718 2550 e
732 2510 813 2550 more
828 2511 941 2569 usuque
961 2493 1103 2568 originem
1119 2499 1219 2569 petere
1235 2491 1367 2550 arbitror.

303 2604 394 2660 Hunc
406 2610 505 2660 autem
520 2619 630 2660 morem
646 2620 680 2659 eo
695 2601 842 2658 firmatum
858 2620 921 2660 esse
936 2609 1058 2674 constat,
1079 2601 1157 2679 quod
1172 2601 1214 2659 dii
1229 2602 1286 2680 ipsi
1301 2621 1368 2661 eum

302 2714 378 2771 tueri
394 2710 598 2770 credebantur.
636 2710 684 2768 Ita
700 2711 811 2768 factum
827 2720 878 2783 est,
895 2719 928 2769 ut
944 2732 1043 2770 omnes
1062 2713 1125 2770 fere
1143 2731 1237 2770 mores
1257 2713 1307 2789 qui
1327 2710 1366 2769 ad

301 2824 347 2880 ius
362 2823 495 2899 gentium
511 2828 654 2899 spectant,
677 2820 798 2880 deorum
817 2822 928 2880 ultione
943 2823 1033 2880 etiam
1047 2820 1227 2900 temporibus
1242 2822 1365 2880 homeri·

214 3005 216 3012 ,
301 2934 343 2990 cis
358 2930 596 2990 defenderentur.
633 2931 718 2989 Infra
732 2930 907 3004 videbimus,
922 2932 1036 3007 legatos
1055 2935 1084 2989 et
1099 2931 1246 3010 supplices
1261 2953 1279 2990 a
1293 2930 1366 2990 Iove

302 3041 446 3115 defensos,
463 3042 562 3098 omnia
576 3039 696 3099 foedera
711 3041 800 3099 sacris
816 3049 930 3099 sacrata
945 3060 1016 3102 esse.
1060 3040 1145 3114 Quae
1159 3060 1225 3098 cum
1242 3043 1284 3099 ita
1299 3041 1366 3112 sint,

299 3153 420 3209 omnino
436 3149 667 3209 abiudicandum
683 3151 728 3208 ius
749 3152 884 3227 gentium
903 3171 963 3208 non
978 3158 1030 3210 est.
1076 3151 1155 3210 Sane
1175 3150 1295 3229 quidem
1318 3170 1367 3210 ex·

300 3261 426 3339 spectari
441 3261 556 3338 nequit,
578 3261 639 3318 fore
654 3268 688 3318 ut
703 3261 789 3319 certis
803 3260 919 3336 legibus
934 3260 1007 3318 illud
1023 3261 1068 3318 ius
1083 3261 1142 3318 iam
1157 3261 1306 3318 firmatum
1321 3261 1366 3332 sit,

300 3370 352 3428 sed
367 3371 494 3446 vestigia
507 3371 642 3447 quamvis
656 3370 704 3428 hic
720 3377 749 3428 ot
764 3370 825 3427 illic
839 3390 899 3427 non
914 3371 1013 3428 statim
1029 3377 1205 3448 appareant,
1228 3369 1367 3446 neganda

299 3501 358 3539 non
374 3488 450 3538 sunt.
495 3477 579 3552 Quae
598 3480 725 3555 vestigia
744 3481 808 3558 ipse
827 3480 1020 3538 Hnssrnnus
1039 3481 1085 3537 his
1100 3479 1197 3538 verbis
1213 3478 1364 3538 concedit:

299 3591 375 3648 Wili
393 3611 463 3648 man
486 3588 581 3647 dieses
601 3608 662 3646 nun
685 3589 738 3648 das
759 3589 957 3649 Volkerreoht
973 3589 1026 3648 der
1043 3590 1124 3649 alten
1139 3589 1222 3650 Welt
1235 3609 1362 3662 nennen,

299 3721 330 3758 so
346 3701 418 3757 lasst
433 3700 495 3757 sich
509 3701 593 3760 nicht
607 3699 856 3778 widersprechen;
872 3701 978 3775 gewiss
993 3699 1080 3758 stand
1096 3719 1126 3759 es
1138 3701 1192 3758 auf
1204 3703 1285 3761 einer
1297 3701 1363 3760 sehr

262 3891 263 3894 Ἴ
298 3811 441 3886 geringen
459 3809 558 3883 Stufe3
585 3829 615 3869 es
630 3830 691 3868 war
706 3810 754 3869 ein
769 3811 858 3869 Theil
873 3809 924 3868 des
940 3811 1190 3887 Religionsreohts
1205 3812 1278 3870 aller
1293 3811 1364 3870 oder

298 3918 373 3977 doch
388 3919 570 3979 bestimmter
584 3921 741 3980 Nationeu.
772 3919 885 3993 Quodsi
900 3922 973 3979 haec
988 3939 1051 3980 esse
1065 3922 1192 3998 vestigia
1206 3922 1276 3980 iuris
1292 3941 1362 3998 gen·

298 4030 371 4087 tium
387 4049 546 4105 censemus,
571 4032 660 4090 etiam
675 4051 764 4090 causa
780 4031 831 4089 illa
847 4030 971 4103 tollitur,
996 4051 1048 4090 cur
1063 4031 1107 4089 ius
1122 4032 1255 4107 gentium
1271 4030 1361 4091 Grae-
