3176 4898
754 428 788 432 .,
820 341 936 433 22

308 527 407 588 weder
421 550 480 587 von
495 529 607 588 Fracht
623 525 751 611 (φόρτος)
774 528 849 588 noch
865 550 923 588 von
945 527 1175 606 beabsichtigter
1189 530 1375 589 Riickfracht

312 624 458 714 (dboiu).“
502 637 650 718 Equidem
665 658 725 698 non
739 638 826 699 video
836 658 893 698 our
915 656 1007 698 naves
1027 640 1218 698 mercatoriae
1233 658 1295 699 esse
1315 660 1376 698 non

307 749 465 826 potuerint.
516 746 616 822 Quum
638 749 718 808 enim
739 750 946 808 commercium
973 748 1050 808 inter
1071 749 1196 828 populos
1221 757 1285 809 tum
1311 767 1375 808 esse

307 857 419 916 factum
442 878 531 936 supra
553 857 784 917 demonstratum
807 861 853 933 sit,
874 861 963 919 etiam
979 854 996 936 ξ
1011 861 1072 918 246
1095 878 1150 937 sqq
1168 859 1244 917 nihil
1269 857 1374 931 obstat,

307 969 463 1046 quominus
491 966 558 1026 illas
591 987 700 1026 novem
734 988 825 1028 naves
854 970 1042 1028 mercatorias
1075 967 1165 1028 fuisse
1194 987 1374 1055 censeamus.

306 1077 445 1155 Namque
460 1096 498 1136 ex
513 1096 547 1136 eo
563 1077 643 1156 quod
658 1080 754 1138 oneris
764 1079 848 1136 nulla
862 1078 971 1137 mentio
986 1077 1028 1150 fit,
1044 1097 1110 1137 mea
1124 1078 1244 1156 quidem
1259 1085 1375 1136 senten·

308 1187 352 1245 tia
371 1207 432 1246 non
456 1187 515 1246 iam
542 1187 717 1262 concludere
738 1188 817 1261 licet,
840 1187 907 1246 illas
929 1205 1021 1246 naves
1046 1185 1227 1265 praedonum
1253 1187 1376 1246 classem

308 1296 410 1374 fuisse..
451 1295 577 1356 Accedit
592 1296 671 1375 quod
685 1319 715 1359 v.
733 1299 794 1357 259
811 1293 953 1357 simillimi
967 1317 1069 1357 versus
1084 1297 1223 1374 leguntur
1238 1291 1254 1374 ξ
1271 1299 1324 1356 88:

460 1421 511 1482 καὶ
527 1419 581 1506 μὲν
596 1430 660 1494 τοῖς
675 1413 778 1494 ὄπιδος
792 1418 937 1507 κρατερὸν
953 1414 1021 1494 δέος
1036 1425 1067 1485 ἐν
1080 1424 1163 1509 φρεσὶ
1178 1420 1281 1483 πίπτει

308 1545 375 1620 ὄπις
397 1557 497 1608 autem
512 1548 728 1638 substantivum
743 1551 888 1610 vindicias
909 1550 1025 1611 divinas
1047 1551 1204 1628 significat.
1248 1550 1316 1625 Qua
1339 1550 1377 1610 de

309 1678 342 1718 re
357 1658 536 1718 conferenda
550 1668 619 1718 sunt
632 1658 724 1719 verba
737 1661 890 1719 Nmzsonr
904 1662 955 1740 qui
970 1660 1009 1720 ad
1023 1679 1038 1720 ε
1055 1663 1114 1720 146
1138 1661 1211 1720 haec
1226 1660 1266 1719 ad
1280 1669 1376 1719 notat:

311 1765 395 1844 „qu
417 1769 543 1828 welches
561 1770 593 1828 in
614 1768 667 1830 der·
688 1770 785 1830 itltern
801 1770 932 1849 Sprache
955 1770 1002 1830 die
1017 1770 1235 1846 Strafaufsicht‚
1258 1770 1306 1830 die
1328 1792 1377 1830 zu-

311 1877 480 1938 schauende
499 1879 566 1938 Hut
590 1879 641 1938 der
662 1878 768 1940 Gotter
790 1880 962 1940 bezeichnct
984 1875 1013 1957 (ξ
1033 1882 1115 1954 82).“
1165 1881 1252 1941 Haec
1278 1890 1377 1941 autem

311 1989 458 2048 sententia
487 2008 521 2048 eo
553 1989 753 2063 confirmatur,
785 1989 864 2069 quod
891 1991 1059 2068 saepissime
1087 1990 1178 2050 verba
1208 1987 1273 2061 ὅπις
1301 1987 1378 2050 θεῶν

311 2098 469 2157 coniuncta
495 2099 688 2158 inveniuntur
707 2099 743 2157 cf.
766 2120 784 2159 υ
807 2100 877 2174 215,
901 2118 921 2182 φ
942 2101 991 2160 28.
1035 2099 1120 2174 Quae
1145 2120 1212 2158 cum
1243 2101 1285 2159 ita
1311 2101 1377 2174 sint,

311 2228 371 2268 non
391 2209 463 2268 mihi
483 2208 602 2268 videtur
620 2205 700 2293 ὕβρις
719 2211 828 2269 iniuria
853 2210 923 2268 duci
947 2210 1032 2269 illata
1054 2209 1105 2270 sed
1127 2210 1285 2269 insolentia
1306 2230 1378 2284 esse,

310 2337 400 2396 quam
429 2317 470 2376 dii
499 2319 555 2398 ipsi
583 2337 618 2378 eo
646 2320 836 2398 puniverunt,
859 2320 937 2398 quod
957 2319 1101 2400 Aegyptii
1130 2321 1291 2399 superiores
1321 2319 1378 2378 dis·

310 2435 467 2486 cesserunt.
512 2429 593 2504 Ergo
617 2428 790 2488 concludere
814 2429 897 2489 nobis
912 2431 982 2489 licet
997 2463 1038 2472 -
1053 2430 1078 2488 si
1093 2428 1212 2508 quidem
1231 2449 1248 2490 e
1269 2429 1378 2488 talibus

312 2536 445 2596 versibus
469 2537 542 2616 quid
567 2540 669 2615 magni
695 2541 835 2598 momenti
860 2538 1097 2598 concludendum
1116 2546 1161 2598 est
1180 2574 1215 2582 -
1237 2540 1296 2598 iam
1321 2539 1380 2598 illis

310 2647 520 2725 antiquissimis
527 2647 707 2727 temporibus
715 2649 799 2708 nefas
807 2648 941 2708 habitum
950 2669 1021 2724 esse,
1031 2649 1122 2710 alium
1130 2656 1239 2708 temere
1250 2648 1376 2709 laedere.

315 2754 458 2816 Attamen
473 2757 694 2818 eoncedendum
711 2767 763 2832 est,
778 2759 959 2838 temporibus
977 2760 1131 2819 homericis
1150 2759 1270 2838 rapinas
1284 2759 1379 2818 factas

312 2885 385 2930 esse.
436 2865 523 2942 Quod
547 2887 596 2927 me
620 2867 740 2948 quidem
764 2868 862 2928 iudice
887 2889 947 2928 non
967 2891 987 2928 α
1014 2871 1075 2929 397
1095 2890 1129 2948 sq
1154 2867 1301 2948 probatur,
1327 2867 1379 2927 ubi

307 2976 506 3037 Telemachus
520 2978 594 3038 haec
609 2978 745 3057 protulit:

461 3110 559 3196 αὐτὰρ
576 3107 655 3196 ἐγὼν
671 3114 765 3175 οἴκοιο
783 3108 862 3190 ἄναξ
877 3113 957 3196 ἔσομ’
975 3111 1134 3197 ἡμετέροιο

461 3219 514 3282 καὶ
529 3211 651 3305 δμώων,
667 3220 716 3294 οὕς
731 3243 781 3307 μοι
796 3220 944 3294 ληίσσατο
960 3212 1022 3294 δῖος
1034 3213 1214 3294 Ὀδυσσεύς.

397 3357 465 3416 Hoc
481 3357 560 3416 enim
575 3358 639 3417 loeo
659 3378 744 3419 nemo
765 3358 941 3438 probaturus
961 3377 1024 3418 esse
1042 3358 1169 3432 videtur,
1190 3359 1256 3418 illos
1279 3378 1378 3419 servos

310 3488 371 3527 non
396 3468 471 3527 iusto
494 3466 572 3527 bello
599 3475 698 3547 captos
723 3489 800 3529 esse:
830 3470 886 3529 hoc
905 3476 1004 3528 autem
1031 3468 1110 3528 bello
1139 3470 1267 3528 'Ihoiano
1290 3488 1378 3548 saepe

309 3577 422 3637 factum
437 3595 499 3638 esse
514 3577 593 3637 infra
608 3597 763 3658 exponam.
807 3579 872 3640 Nec
889 3579 981 3638 altero
1003 3579 1067 3638 loco
1081 3579 1256 3639 Nruzsomo
1279 3599 1377 3638 assen-

309 3688 376 3746 tior.
421 3687 526 3748 Ulixes
549 3682 663 3769 enimsi
680 3690 741 3750 357
757 3711 791 3770 sq
814 3690 899 3749 uxori
920 3688 1031 3764 dicens,
1048 3709 1079 3749 se
1100 3689 1132 3748 id
1148 3697 1281 3750 acturum
1304 3707 1377 3763 esse,

225 3791 229 3798 ’
309 3804 344 3855 ut
359 3798 465 3856 amissa
480 3797 677 3874 reficerentur,
693 3800 738 3859 his
753 3821 824 3860 ursus
839 3807 884 3859 est
898 3798 1012 3858 verbis:

461 3931 563 3993 πολλοὶ
579 3930 633 4017 μὲν
650 3929 741 4006 αὐτὸς
757 3930 817 4021 ἐγὼ
833 3933 1004 4016 ληίσσομοιι,
1020 3929 1102 3993 ἄλλα
1119 3923 1145 3992 δ’
1164 3929 1281 4017 Ἀχαιοί

463 4034 603 4119 dolosum,
620 4047 659 4114 εἰς
675 4041 690 4104 ὅ
706 4065 741 4105 κε
755 4042 873 4116 πάντας
887 4040 1086 4112 ἐνιπλήσωσιν
1102 4041 1262 4114 ἐπαύλους.

289 4554 591 4731 ‘s'
676 4474 1081 4882 Ῐιι
