3176 4898
645 323 843 417 A

365 509 431 572 ἀλλ’
453 508 509 595 ἀγε
526 500 612 594 δεῦρο
629 505 710 582 θεοὺς
726 503 911 596 ἐπιδώμεθα·
926 509 975 572 τοὶ
989 510 1047 597 γὰρ
1065 509 1180 594 ἀριστοι

364 617 511 705 μάρτυροι
527 623 668 682 ἔσσονται
682 621 734 682 καὶ
750 619 906 682 ἐπίσκοποι
922 619 1100 706 ἁρμονιάων.

364 839 432 901 ἀλλ’
452 841 516 903 ἐπεὶ
532 839 567 922 ἀρ
583 837 619 901 κέ
635 861 668 901 σε
683 842 806 909 συλήσω
822 839 921 900 κλοτά
937 839 1043 925 τεύχε’,
1055 838 1210 924 Ἀχιλλεῦ,

365 946 468 1034 νεκρὸν
482 948 648 1034 Ἀχαιοῖσιν
664 940 754 1010 δώσω
769 947 872 1012 πάλιν.
888 948 928 1022 oio
943 942 978 1010 δὲ
993 946 1029 1011 σὺ
1045 941 1146 1036 ρ’έζειν.

276 1060 377 1134 Quid?
414 1060 493 1140 quod
518 1055 550 1120 H
579 1063 639 1120 372
670 1081 725 1140 sqq
757 1061 867 1120 Idaeus
900 1064 1096 1128 Troianorum
1129 1084 1235 1143 praeco
1261 1087 1279 1125 a

213 1170 332 1229 Priamo
357 1171 396 1230 ad
414 1170 670 1248 Agamemnonem
690 1171 796 1230 missus
815 1191 878 1231 csse
901 1182 1052 1246 narratur,
1073 1175 1124 1252 qui
1145 1174 1280 1234 inducias

213 1280 331 1354 faceret,
347 1288 380 1338 ut
395 1281 486 1340 caesis
508 1281 656 1359 utrimque
678 1281 755 1339 iusta
779 1281 981 1342 redderentur.
1025 1284 1156 1344 Maxime
1182 1293 1280 1344 autem

213 1391 271 1449 huc
286 1389 519 1467 Agamemnonis
533 1389 626 1450 verba
640 1398 788 1472 spectant:
811 1392 848 1450 cf.
864 1386 895 1451 H
910 1394 971 1451 408
987 1413 1041 1472 sqq

365 1497 442 1583 cippi
458 1490 492 1560 δέ
508 1508 653 1585 νεκροῖσιν
668 1497 877 1584 κατακαιέμεν
893 1498 972 1561 οὔτι
988 1499 1131 1586 μεγαίρω·

366 1607 400 1669 οὐ
416 1607 473 1696 γάρ
488 1633 533 1682 τις
547 1602 639 1694 φειδώ
656 1610 766 1672 νεκύων
782 1608 1047 1678 κατατεθνηώτων

365 1717 489 1806 γίγνετ’,
504 1717 570 1781 ἐπεί
584 1741 619 1782 κε
632 1718 743 1782 θάνωσι
758 1715 847 1804 πυρὸς
863 1719 1053 1806 μειλισσέμεν
1068 1715 1146 1782 ώκα.

365 1827 452 1912 ὅρκια
467 1820 502 1891 δὲ
517 1825 590 1903 Ζεὺς
606 1831 690 1905 ἴστω,
706 1822 880 1917 ἐρίγδουπος
895 1830 980 1903 πόσις
991 1826 1097 1916 Ἥρης.

278 1941 320 1999 Et
334 1941 434 2020 paullo
450 1943 602 2020 posthaec
616 1943 727 2021 scripta
740 1950 822 2000 sunt:
845 1943 905 2000 419
922 1963 956 2021 sq

363 2046 497 2134 Ἀργεῖοι
512 2040 538 2110 δ’
558 2047 704 2136 ἑτέρωθεν
721 2049 894 2134 ἐυσσέλμων
910 2047 970 2112 ἀπὸ
986 2054 1066 2132 νηῶν

366 2158 536 2243 ώτρύνοντο
552 2157 636 2234 νέκυς
650 2158 675 2222 τ’
695 2159 819 2247 ἀγέμεν,
835 2157 932 2244 ἕτεροι
947 2151 982 2221 δὲ
997 2158 1051 2244 μεθ
1077 2162 1161 2231 ὕλην.

278 2271 414 2350 Apparet
428 2272 521 2348 igitur
535 2290 572 2330 ex
587 2271 633 2330 his
647 2272 732 2346 locis,
754 2292 834 2336 more
853 2279 1003 2351 receptum
1023 2271 1127 2345 fuisse,
1149 2279 1183 2330 ut
1204 2274 1282 2332 caesi

215 2380 253 2440 ad
268 2380 469 2460 sepeliendum
484 2380 685 2442 redderentur.
722 2381 782 2456 Qui
796 2381 915 2462 quidem
929 2402 992 2441 mos
1007 2380 1129 2440 dubium
1143 2402 1206 2441 esse
1221 2402 1280 2441 non

213 2498 318 2568 potest,
334 2491 406 2569 quin
426 2492 499 2550 iuris
523 2493 658 2570 gentium
682 2493 810 2570 vestigia
824 2494 855 2551 in
876 2511 907 2552 so
925 2491 1042 2552 habeat.
1081 2492 1186 2571 Neque
1207 2494 1281 2552 hacc

213 2601 342 2677 vestigia
356 2602 388 2659 in
400 2620 433 2661 oo
444 2601 707 2680 praetermittenda
719 2611 787 2662 sunt
797 2603 876 2682 quod
891 2603 1029 2662 Hectoris
1043 2621 1159 2680 quoque
1176 2621 1280 2680 corpus

214 2731 232 2768 a
246 2711 364 2769 Priamo
378 2711 564 2790 redemptum
578 2719 691 2782 estnec
704 2713 839 2772 Achilles
854 2714 928 2771 iram
940 2732 1023 2771 suam
1034 2710 1280 2790 quemadmodum

213 2820 308 2878 voluit
322 2820 354 2878 in
369 2821 449 2879 illius
463 2822 520 2880 viri
535 2842 640 2901 corpus
654 2824 750 2882 vertit.
781 2822 967 2901 Quamquam
983 2823 1032 2881 hic
1043 2820 1279 2880 animadverten-

214 2930 284 2988 dum
304 2938 361 3004 ast,
382 2929 531 2990 Achillem
547 2931 628 2990 Iovis
643 2931 760 2991 demum
776 2934 857 2992 iussu
871 2941 1046 2991 commotum
1061 2950 1138 3005 esse,
1158 2931 1281 2990 utillud

215 3060 319 3120 corpus
330 3040 473 3100 redderet.
501 3041 642 3118 Legimus
654 3044 732 3101 enim
745 3037 778 3100 Ω
792 3046 852 3102 113
869 3063 922 3122 sqq
933 3042 1007 3101 haec
1020 3041 1082 3100 fers
1093 3040 1193 3115 verba,
1205 3062 1281 3120 quae

213 3151 316 3211 Iovem
330 3150 453 3210 Thetidi
468 3150 616 3210 dicentem
630 3161 718 3230 pocta
731 3153 831 3210 finxit:

366 3249 523 3332 σκύζεσθαί
539 3263 566 3320 οἱ
581 3257 646 3321 εἰπὲ
661 3258 752 3334 θεούς,
768 3257 822 3344 ἐμέ
838 3251 863 3319 δ’
883 3254 975 3343 ἔξοχα
988 3255 1113 3319 πάντων

366 3366 530 3430 ἀθανάτων
545 3369 739 3454 κεχολῶσθαι,
755 3367 802 3432 ὅτι
816 3370 900 3456 φρεσὶ
915 3367 1127 3454 μαινομένῃσιν

362 3477 487 3561 Ἕκτορ’
508 3482 569 3564 ἔχει
584 3480 667 3566 παρά
683 3481 768 3550 νηυσὶ
782 3479 937 3564 κορωνίσιν
955 3470 1016 3541 οὐδ’
1036 3477 1195 3557 ἀπέλυσεν,

367 3591 400 3649 αἴ
413 3588 465 3650 κέν
479 3612 544 3662 πως
559 3589 613 3676 ,ἐμέ
628 3611 664 3652 τε
679 3583 764 3670 δείσῃ
781 3588 841 3651 ἀπὸ
857 3589 880 3650 θ
895 3587 1035 3672 Ἕκτορα
1049 3587 1138 3668 λύσῃ.
1275 3577 1277 3580 ’

277 3700 398 3780 Ubique
413 3710 512 3760 autern
526 3709 556 3759 et
576 3703 657 3780 pacis
679 3709 708 3760 et
727 3700 798 3760 belli
817 3700 998 3779 temporibus
1020 3718 1178 3778 praecones
1197 3700 1281 3759 nobis

215 3805 379 3884 occurrunt,
401 3830 526 3889 quorum
545 3812 648 3870 munia
665 3819 727 3870 tam
743 3810 860 3869 diversa
880 3817 957 3882 sunt,
977 3816 1010 3866 ut
1025 3809 1170 3886 copiosius
1193 3808 1230 3868 de
1245 3811 1281 3869 iis

216 3921 359 3996 disserere
374 3943 434 3981 non
449 3920 501 3981 abs
515 3941 548 3980 re
562 3941 625 3980 esse
639 3919 785 3980 videatur.
830 3919 906 3979 Cum
920 3939 990 3978 vero
1010 3917 1047 3978 de
1061 3920 1196 3995 vestigiis
1210 3921 1282 3978 iuris

215 4031 359 4108 gentium,
374 4051 451 4110 quac
466 4033 496 4090 in
512 4051 585 4111 pace
600 4039 770 4104 cernuntur,
785 4049 911 4107 agerem,
927 4048 1106 4107 praeconum
1121 4049 1281 4107 numquam

1097 4127 1110 4164 3
1117 4123 1128 4149 ἦ
