3176 4898
745 327 762 390 7

659 411 852 422 ——-—-.

216 533 284 572 cum
299 532 451 590 negemus.
490 514 623 591 Negavit
637 516 716 574 enim
732 515 925 574 Hurrrnnus
940 515 971 572 in
986 514 1154 592 prolusione
1169 514 1206 573 de
1221 517 1284 574 iure

217 624 350 699 gentium
366 624 476 702 scripta
490 645 519 702 p.
536 626 563 696 3,
585 643 616 682 se
637 645 776 683 ausurum
791 645 853 685 esse
866 645 903 685 ex
918 626 953 683 iis
967 643 1042 702 quae
1058 631 1162 702 poetae
1177 623 1285 683 Graeci

217 732 299 791 effati
314 735 382 806 sint,
397 734 525 811 origines
540 734 612 792 iuris
626 735 761 811 gentium
777 743 917 813 repetere,
935 735 1127 812 „praesertim
1142 754 1209 792 cum
1220 753 1284 812 per-

217 843 312 900 multa
326 843 406 903 facta
421 843 459 902 ab
470 845 541 922 ipsis
552 852 688 903 enarrata
700 845 770 903 satis
781 843 913 922 probent,
926 843 1006 902 haud
1019 863 1089 902 sane
1101 863 1285 902 communem

217 952 307 1010 fuisse
321 952 513 1032 popularibus
527 954 598 1012 iuris
612 927 789 1014 sublimioris
805 954 950 1012 sensum.“
997 953 1097 1027 Quam
1108 953 1285 1012 sententiam

217 1062 242 1119 si
264 1063 426 1140 sequimur,
450 1081 484 1122 eo
504 1062 692 1136 adducimur,
713 1072 747 1121 ut
768 1062 856 1122 hodie
875 1083 991 1141 quoque
1012 1064 1058 1122 ius
1072 1063 1206 1140 gentium
1222 1081 1286 1122 esse

217 1189 367 1247 negemus.
413 1171 488 1246 Quis
505 1174 583 1231 enim
603 1180 662 1261 est,
683 1175 734 1251 qui
749 1174 903 1246 infitietur,
926 1172 1013 1232 hodie
1037 1193 1153 1251 quoque
1176 1171 1285 1230 multas
1365 1163 1366 1166 ¹

216 1299 262 1338 res
277 1281 342 1339 fieri
356 1300 432 1358 quae
447 1283 503 1341 iuri
518 1284 653 1359 gentium
667 1283 756 1361 plane
770 1281 957 1361 repugnent?
987 1279 1051 1344 Nec
1066 1291 1165 1341 tamen
1181 1266 1283 1341 coned-

216 1389 334 1464 damus,
357 1411 411 1450 nos
427 1393 574 1450 communi
589 1393 653 1452 iure
668 1413 728 1451 non
742 1394 801 1465 uti,
823 1394 933 1471 quippe
948 1391 1026 1470 quod
1043 1394 1091 1451 hio
1104 1400 1135 1451 et
1149 1392 1211 1450 illio
1225 1392 1284 1450 lae-

217 1498 311 1558 datur.
353 1500 446 1559 Haud
461 1501 547 1560 aliter
560 1521 607 1561 res
630 1502 795 1562 homericae
817 1521 880 1560 sese
902 1501 1021 1561 habent.
1064 1502 1143 1561 Sane
1165 1501 1286 1579 quidem

216 1609 297 1668 facta
311 1611 512 1684 inveniuntur,
533 1632 610 1690 quae
625 1613 682 1670 iuri
697 1612 831 1689 gentium
844 1620 1026 1689 repugnent:
1052 1631 1106 1670 nec
1122 1631 1192 1670 vero
1206 1611 1286 1668 illius

216 1720 288 1778 iuris
302 1721 429 1797 vestigia
443 1723 548 1797 negari
563 1731 693 1802 possunt.
730 1721 779 1780 De
793 1723 857 1780 iure
873 1722 1007 1797 gentium
1022 1729 1121 1780 autem
1136 1721 1282 1780 homerico

217 1829 297 1906 quod
311 1831 402 1889 sciam
421 1851 508 1890 nemo
528 1833 657 1911 scripsit,
679 1831 736 1890 nisi
758 1831 834 1889 forte
855 1832 1079 1890 Wsousrrurur
1101 1829 1210 1889 librum
1232 1832 1284 1909 qui

216 1939 386 1998 inscribitur
411 1942 475 2014 „ius
501 1943 634 2017 gentium
659 1942 748 2019 quale
774 1939 933 1999 obtinuerit
958 1939 1039 2018 apud
1061 1939 1191 2000 Graecos
1215 1949 1284 1998 ante

216 2047 360 2107 bellorum
376 2070 442 2108 oum
456 2050 555 2109 Persis
569 2059 716 2128 gestorum
739 2050 857 2108 initium
880 2049 1068 2109 adumbravit
1083 2051 1132 2109 W.
1149 2051 1283 2109 Wsens-

216 2161 331 2232 uurm‘,
349 2159 480 2220 Berolini
497 2162 578 2218 1822
594 2160 691 2220 editus
705 2161 761 2219 hoo
776 2160 839 2219 loco
854 2160 1052 2219 nominandus
1066 2167 1118 2219 est.
1161 2159 1221 2218 Sed
1236 2160 1285 2218 hio

215 2269 263 2326 vir
277 2276 404 2328 aetatem
418 2270 597 2329 homericam
607 2270 790 2348 paucissimis
801 2277 916 2328 tantum
928 2268 1026 2328 verbis
1037 2270 1144 2346 attigit.
1168 2269 1284 2328 Eodem

216 2378 303 2436 modo
317 2380 369 2457 qui
383 2379 421 2439 de
436 2379 522 2440 rebus
537 2381 693 2439 homericis
708 2380 888 2458 scripserunt
908 2380 957 2437 hic
971 2387 1001 2438 et
1015 2379 1076 2438 illic
1091 2381 1136 2438 ius
1151 2381 1284 2456 gentium

215 2487 476 2562 adumbraverunt,
493 2509 566 2568 quos
580 2490 659 2548 viros
673 2491 722 2549 hic
732 2509 936 2548 enumeremus
948 2510 1008 2548 non
1020 2497 1064 2548 est
1075 2509 1202 2562 necesse,
1217 2509 1284 2548 cum

216 2597 247 2654 in
262 2617 292 2656 re
307 2599 372 2676 ipsa
391 2599 548 2658 tractanda
570 2601 629 2658 suis
650 2599 721 2659 locis
744 2619 845 2659 eorum
865 2598 933 2658 libri
953 2600 1002 2659 vel
1024 2598 1118 2659 libelli
1142 2599 1284 2658 laudandi

215 2708 282 2765 sint.
329 2709 496 2768 Nonnullos
510 2717 626 2768 tantum
645 2717 796 2788 tamquam
819 2710 966 2788 principes
989 2711 1044 2768 hoc
1069 2710 1134 2768 looo
1160 2727 1284 2768 comme·

215 2837 369 2876 moremus.
413 2819 463 2878 Sic
485 2821 772 2878 Nsnunnsrsoflrus
796 2819 827 2876 in
850 2819 999 2896 theologia
1021 2820 1168 2878 homerica
1190 2821 1284 2899 (euius

214 2925 306 2984 editio
321 2928 423 3002 altera,
444 2949 534 3007 quam
554 2928 778 2988 Autenriethius
801 2929 954 3005 Erlangae
976 2951 1054 2988 auno
1079 2931 1158 2988 1861
1181 2928 1284 3003 edidit,

215 3036 247 3094 in
262 3036 420 3096 laudandis
435 3040 553 3118 paginis
568 3037 768 3115 adhibebitur)
784 3037 855 3097 inde
870 3059 888 3096 a
902 3060 931 3117 p.
946 3041 1016 3113 294,
1032 3040 1073 3097 sie
1089 3039 1122 3098 0.
1133 3041 1188 3098 Fa.
1197 3041 1284 3112 Hun-

215 3163 340 3206 MArsuus
362 3148 395 3206 in
416 3149 536 3225 egregio
561 3148 612 3207 illo
637 3148 713 3206 libro
739 3149 790 3226 qui
816 3148 999 3207 inscribitur:
1030 3148 1207 3223 „Lehrbuch
1232 3149 1286 3208 der

215 3256 419 3332 griechischen
442 3257 754 3318 Staatsalterthiimer“
778 3256 919 3335 (editione
939 3267 1046 3337 quarta
1065 3258 1285 3336 Heidelbergae

215 3385 293 3424 anno
311 3367 391 3426 1855
409 3367 488 3426 edita
503 3367 581 3446 utar)
606 3366 625 3443 ξ
642 3371 660 3428 9
677 3389 705 3446 p.
723 3371 763 3427 38
779 3369 850 3426 iuris
870 3370 1004 3445 gentium
1023 3371 1150 3447 vestigia
1170 3371 1201 3428 in
1222 3390 1284 3427 car·

216 3475 344 3534 minibus
367 3478 522 3536 homericis
545 3497 606 3538 esse
625 3477 806 3537 invenienda
832 3480 951 3538 omnino
977 3489 1103 3556 negant,
1129 3487 1285 3557 propterea

215 3584 294 3664 quod
317 3587 420 3666 populi
442 3586 583 3646 adversus
604 3589 728 3682 pppulos
750 3589 844 3667 pactis
867 3609 928 3648 non
952 3591 1122 3648 coniunctos
1145 3589 1285 3646 continua

215 3695 294 3754 bella
308 3699 461 3773 gesserint,
478 3705 509 3755 at
525 3695 745 3758 Gnsnsrorrus
762 3699 793 3756 in
809 3697 913 3756 studiis
929 3699 1083 3757 homericis
1099 3697 1170 3774 (vol.
1183 3700 1201 3756 3
1214 3719 1242 3776 p.
1251 3692 1284 3779 4)

215 3807 366 3865 notionem
387 3806 483 3865 civilis
506 3808 634 3868 iustitiae
650 3817 679 3867 et
700 3807 811 3886 publici
833 3809 904 3865 iuris
931 3806 1052 3867 Graecis
1077 3808 1128 3867 illo
1153 3817 1285 3886 tempore

215 3937 276 3976 non
291 3917 423 3993 ignotam
438 3917 528 3975 fuisse
543 3937 581 3976 ex
595 3919 688 3996 iisque
704 3919 749 3976 ius
764 3918 897 3994 gentium
910 3919 1053 3994 originem
1066 3926 1165 3996 petere
1177 3927 1284 3978 censet.
1317 3919 1318 3922 ’

215 4026 489 4085 Praetermittamus
515 4028 574 4086 iam
600 4037 632 4086 ut
662 4029 864 4106 proposuimus
891 4029 1152 4101 liusnnusrnuu,
1184 4030 1288 4102 L1n1n,
