<?xml version="1.0" encoding="UTF-8"?>
<!DOCTYPE html PUBLIC "-//W3C//DTD XHTML 1.0 Transitional//EN"
    "http://www.w3.org/TR/xhtml1/DTD/xhtml1-transitional.dtd">
<html xmlns="http://www.w3.org/1999/xhtml" xml:lang="en" lang="en">
 <head>
  <title>
</title>
<meta http-equiv="Content-Type" content="text/html;charset=utf-8" />
  <meta name='ocr-system' content='tesseract 3.04.00' />
  <meta name='ocr-capabilities' content='ocr_page ocr_carea ocr_par ocr_line ocrx_word'/>
</head>
<body>
  <div class='ocr_page' id='page_1' title='image "./devestigiisiuri00sorggoog_0038.png"; bbox 0 0 3176 4898; ppageno 0'>
   <div class='ocr_carea' id='block_1_1' title="bbox 693 365 735 428">
    <p class='ocr_par' dir='ltr' id='par_1_1' title="bbox 693 365 735 428">
     <span class='ocr_line' id='line_1_1' title="bbox 693 365 735 428; baseline -0.048 0"><span class='ocrx_word' id='word_1_1' title='bbox 693 365 735 428; x_wconf 85' lang='lat'><strong>33</strong></span> 
     </span>
    </p>
   </div>
   <div class='ocr_carea' id='block_1_2' title="bbox 333 547 1095 855">
    <p class='ocr_par' dir='ltr' id='par_1_2' title="bbox 333 547 1095 855">
     <span class='ocr_line' id='line_1_2' title="bbox 486 547 980 635; baseline 0.002 -26"><span class='ocrx_word' id='word_1_2' title='bbox 486 547 613 634; x_wconf 77' lang='grc' dir='ltr'>Λῆμνον</span> <span class='ocrx_word' id='word_1_3' title='bbox 625 549 802 635; x_wconf 78' lang='grc' dir='ltr'>ἐυκτιμένην</span> <span class='ocrx_word' id='word_1_4' title='bbox 818 549 980 635; x_wconf 63' lang='lat' dir='ltr'><strong>crepereo</strong></span> 
     </span>
     <span class='ocr_line' id='line_1_3' title="bbox 335 651 1095 746; baseline -0.001 -26"><span class='ocrx_word' id='word_1_5' title='bbox 335 659 435 731; x_wconf 85' lang='grc' dir='ltr'>νηυσὶν</span> <span class='ocrx_word' id='word_1_6' title='bbox 453 658 546 746; x_wconf 83' lang='grc' dir='ltr'>ἄγων,</span> <span class='ocrx_word' id='word_1_7' title='bbox 563 659 642 746; x_wconf 84' lang='grc' dir='ltr'><strong>ἀτάρ</strong></span> <span class='ocrx_word' id='word_1_8' title='bbox 659 656 718 732; x_wconf 83' lang='grc' dir='ltr'>υἱὸς</span> <span class='ocrx_word' id='word_1_9' title='bbox 731 658 863 733; x_wconf 67' lang='grc' dir='ltr'>Ἰήσονος</span> <span class='ocrx_word' id='word_1_10' title='bbox 879 653 956 720; x_wconf 78' lang='grc' dir='ltr'>ὦνον</span> <span class='ocrx_word' id='word_1_11' title='bbox 973 651 1095 721; x_wconf 77' lang='grc' dir='ltr'>ἔδωκεν·</span> 
     </span>
     <span class='ocr_line' id='line_1_4' title="bbox 333 762 888 855; baseline 0.005 -25"><span class='ocrx_word' id='word_1_12' title='bbox 333 769 430 832; x_wconf 74' lang='grc' dir='ltr'>κεῖθεν</span> <span class='ocrx_word' id='word_1_13' title='bbox 445 762 480 831; x_wconf 76' lang='grc' dir='ltr'><strong>δὲ</strong></span> <span class='ocrx_word' id='word_1_14' title='bbox 497 766 590 848; x_wconf 81' lang='grc' dir='ltr'>ξεῖνός</span> <span class='ocrx_word' id='word_1_15' title='bbox 605 793 654 855; x_wconf 90' lang='grc' dir='ltr'><strong>μιν</strong></span> <span class='ocrx_word' id='word_1_16' title='bbox 670 770 803 832; x_wconf 79' lang='grc' dir='ltr'>ἐλύσατο</span> <span class='ocrx_word' id='word_1_17' title='bbox 818 773 888 833; x_wconf 85' lang='grc' dir='ltr'><strong>κτλ.</strong></span> 
     </span>
    </p>
   </div>
   <div class='ocr_carea' id='block_1_3' title="bbox 246 915 1249 994">
    <p class='ocr_par' dir='ltr' id='par_1_3' title="bbox 246 915 1249 994">
     <span class='ocr_line' id='line_1_5' title="bbox 246 915 1249 994; baseline -0.002 -20"><span class='ocrx_word' id='word_1_18' title='bbox 246 916 310 974; x_wconf 89' lang='lat' dir='ltr'><strong>Nec</strong></span> <span class='ocrx_word' id='word_1_19' title='bbox 326 923 430 994; x_wconf 90' lang='lat' dir='ltr'><strong>captae</strong></span> <span class='ocrx_word' id='word_1_20' title='bbox 445 915 574 973; x_wconf 88' lang='lat' dir='ltr'><strong>feminae</strong></span> <span class='ocrx_word' id='word_1_21' title='bbox 588 916 675 974; x_wconf 88' lang='lat' dir='ltr'><strong>aliter</strong></span> <span class='ocrx_word' id='word_1_22' title='bbox 689 936 724 974; x_wconf 89' lang='lat' dir='ltr'><strong>ac</strong></span> <span class='ocrx_word' id='word_1_23' title='bbox 735 916 793 974; x_wconf 88' lang='lat' dir='ltr'><strong>viri</strong></span> <span class='ocrx_word' id='word_1_24' title='bbox 807 916 1019 975; x_wconf 82' lang='lat' dir='ltr'><strong>tractabantur.</strong></span> <span class='ocrx_word' id='word_1_25' title='bbox 1049 915 1159 975; x_wconf 78' lang='lat' dir='ltr'><strong>Sorvae</strong></span> <span class='ocrx_word' id='word_1_26' title='bbox 1170 915 1249 974; x_wconf 91' lang='lat' dir='ltr'><strong>enim</strong></span> 
     </span>
    </p>
   </div>
   <div class='ocr_carea' id='block_1_4' title="bbox 184 1024 1358 1105">
    <p class='ocr_par' dir='ltr' id='par_1_4' title="bbox 184 1024 1358 1105">
     <span class='ocr_line' id='line_1_6' title="bbox 184 1024 1358 1105; baseline -0.003 -20"><span class='ocrx_word' id='word_1_27' title='bbox 184 1027 282 1085; x_wconf 81' lang='lat' dir='ltr'><strong>iactae</strong></span> <span class='ocrx_word' id='word_1_28' title='bbox 305 1025 420 1084; x_wconf 86' lang='lat' dir='ltr'><strong>labores</strong></span> <span class='ocrx_word' id='word_1_29' title='bbox 446 1026 593 1103; x_wconf 83' lang='lat' dir='ltr'>suscipere</span> <span class='ocrx_word' id='word_1_30' title='bbox 619 1035 737 1084; x_wconf 82' lang='lat' dir='ltr'><strong>coactae</strong></span> <span class='ocrx_word' id='word_1_31' title='bbox 763 1036 840 1100; x_wconf 83' lang='lat' dir='ltr'><strong>sunt,</strong></span> <span class='ocrx_word' id='word_1_32' title='bbox 862 1027 920 1085; x_wconf 87' lang='lat' dir='ltr'><strong>nisi</strong></span> <span class='ocrx_word' id='word_1_33' title='bbox 935 1026 1010 1084; x_wconf 85' lang='lat' dir='ltr'><strong>forte</strong></span> <span class='ocrx_word' id='word_1_34' title='bbox 1036 1026 1110 1084; x_wconf 88' lang='lat' dir='ltr'><strong>haec</strong></span> <span class='ocrx_word' id='word_1_35' title='bbox 1124 1024 1173 1083; x_wconf 91' lang='lat' dir='ltr'><strong>vel</strong></span> <span class='ocrx_word' id='word_1_36' title='bbox 1198 1024 1251 1082; x_wconf 84' lang='lat' dir='ltr'><strong>illa</strong></span> <span class='ocrx_word' id='word_1_37' title='bbox 1355 1099 1358 1105; x_wconf 25' lang='grc' dir='ltr'>Ι</span> 
     </span>
    </p>
   </div>
   <div class='ocr_carea' id='block_1_5' title="bbox 184 1133 1253 1878">
    <p class='ocr_par' dir='ltr' id='par_1_5' title="bbox 184 1133 1253 1763">
     <span class='ocr_line' id='line_1_7' title="bbox 184 1133 1251 1215; baseline -0.002 -21"><span class='ocrx_word' id='word_1_38' title='bbox 184 1137 265 1215; x_wconf 89' lang='lat' dir='ltr'><strong>apud</strong></span> <span class='ocrx_word' id='word_1_39' title='bbox 290 1136 442 1194; x_wconf 91' lang='lat' dir='ltr'><strong>dominum</strong></span> <span class='ocrx_word' id='word_1_40' title='bbox 467 1137 595 1212; x_wconf 81' lang='lat' dir='ltr'><strong>gratiam</strong></span> <span class='ocrx_word' id='word_1_41' title='bbox 619 1136 687 1194; x_wconf 91' lang='lat' dir='ltr'><strong>iniit</strong></span> <span class='ocrx_word' id='word_1_42' title='bbox 711 1139 833 1215; x_wconf 91' lang='lat' dir='ltr'><strong>eiusque</strong></span> <span class='ocrx_word' id='word_1_43' title='bbox 857 1136 957 1215; x_wconf 85' lang='lat' dir='ltr'><strong>pellex</strong></span> <span class='ocrx_word' id='word_1_44' title='bbox 981 1135 1062 1195; x_wconf 86' lang='lat' dir='ltr'><strong>facta</strong></span> <span class='ocrx_word' id='word_1_45' title='bbox 1082 1143 1134 1194; x_wconf 88' lang='lat' dir='ltr'><strong>est.</strong></span> <span class='ocrx_word' id='word_1_46' title='bbox 1191 1133 1251 1193; x_wconf 84' lang='lat' dir='ltr'><strong>Sed</strong></span> 
     </span>
     <span class='ocr_line' id='line_1_8' title="bbox 184 1245 1251 1325; baseline -0.004 -19"><span class='ocrx_word' id='word_1_47' title='bbox 184 1245 287 1306; x_wconf 90' lang='lat' dir='ltr'><strong>eodem</strong></span> <span class='ocrx_word' id='word_1_48' title='bbox 301 1245 457 1325; x_wconf 88' lang='lat' dir='ltr'><strong>modoque</strong></span> <span class='ocrx_word' id='word_1_49' title='bbox 471 1245 585 1306; x_wconf 88' lang='lat' dir='ltr'><strong>nobiles</strong></span> <span class='ocrx_word' id='word_1_50' title='bbox 599 1247 678 1305; x_wconf 87' lang='lat' dir='ltr'><strong>viros</strong></span> <span class='ocrx_word' id='word_1_51' title='bbox 690 1253 790 1325; x_wconf 87' lang='lat' dir='ltr'><strong>captos</strong></span> <span class='ocrx_word' id='word_1_52' title='bbox 801 1245 968 1325; x_wconf 88' lang='lat' dir='ltr'><strong>redemptos</strong></span> <span class='ocrx_word' id='word_1_53' title='bbox 983 1265 1045 1304; x_wconf 87' lang='lat' dir='ltr'><strong>esse</strong></span> <span class='ocrx_word' id='word_1_54' title='bbox 1056 1245 1251 1324; x_wconf 78' lang='lat' dir='ltr'><strong>exposuimus,</strong></span> 
     </span>
     <span class='ocr_line' id='line_1_9' title="bbox 184 1354 1251 1430; baseline -0.002 -16"><span class='ocrx_word' id='word_1_55' title='bbox 184 1356 274 1414; x_wconf 85' lang='lat' dir='ltr'><strong>etiam</strong></span> <span class='ocrx_word' id='word_1_56' title='bbox 288 1355 417 1415; x_wconf 85' lang='lat' dir='ltr'><strong>feminae</strong></span> <span class='ocrx_word' id='word_1_57' title='bbox 433 1357 574 1415; x_wconf 87' lang='lat' dir='ltr'><strong>servitute</strong></span> <span class='ocrx_word' id='word_1_58' title='bbox 588 1355 731 1415; x_wconf 81' lang='lat' dir='ltr'><strong>liberatae</strong></span> <span class='ocrx_word' id='word_1_59' title='bbox 751 1364 828 1414; x_wconf 85' lang='lat' dir='ltr'><strong>eunt.</strong></span> <span class='ocrx_word' id='word_1_60' title='bbox 872 1354 947 1430; x_wconf 77' lang='lat' dir='ltr'><strong>Quis</strong></span> <span class='ocrx_word' id='word_1_61' title='bbox 966 1356 1045 1414; x_wconf 90' lang='lat' dir='ltr'><strong>enim</strong></span> <span class='ocrx_word' id='word_1_62' title='bbox 1061 1363 1105 1412; x_wconf 88' lang='lat' dir='ltr'><strong>est</strong></span> <span class='ocrx_word' id='word_1_63' title='bbox 1124 1355 1172 1412; x_wconf 90' lang='lat' dir='ltr'><strong>cui</strong></span> <span class='ocrx_word' id='word_1_64' title='bbox 1192 1375 1251 1412; x_wconf 91' lang='lat' dir='ltr'><strong>non</strong></span> 
     </span>
     <span class='ocr_line' id='line_1_10' title="bbox 185 1463 1251 1545; baseline -0.002 -22"><span class='ocrx_word' id='word_1_65' title='bbox 185 1467 217 1523; x_wconf 91' lang='lat' dir='ltr'><strong>in</strong></span> <span class='ocrx_word' id='word_1_66' title='bbox 231 1474 361 1524; x_wconf 84' lang='lat' dir='ltr'><strong>mentem</strong></span> <span class='ocrx_word' id='word_1_67' title='bbox 375 1467 485 1537; x_wconf 84' lang='lat' dir='ltr'><strong>veniat,</strong></span> <span class='ocrx_word' id='word_1_68' title='bbox 498 1465 634 1545; x_wconf 81' lang='lat' dir='ltr'><strong>Chrysen</strong></span> <span class='ocrx_word' id='word_1_69' title='bbox 650 1467 749 1524; x_wconf 92' lang='lat' dir='ltr'><strong>statim</strong></span> <span class='ocrx_word' id='word_1_70' title='bbox 764 1467 850 1524; x_wconf 91' lang='lat' dir='ltr'><strong>initio</strong></span> <span class='ocrx_word' id='word_1_71' title='bbox 864 1464 970 1524; x_wconf 85' lang='lat' dir='ltr'><strong>Iliadis</strong></span> <span class='ocrx_word' id='word_1_72' title='bbox 986 1465 1154 1523; x_wconf 90' lang='lat' dir='ltr'><strong>venientem</strong></span> <span class='ocrx_word' id='word_1_73' title='bbox 1169 1463 1251 1540; x_wconf 84' lang='lat' dir='ltr'><strong>fingi,</strong></span> 
     </span>
     <span class='ocr_line' id='line_1_11' title="bbox 184 1572 1253 1654; baseline -0.001 -21"><span class='ocrx_word' id='word_1_74' title='bbox 184 1576 277 1634; x_wconf 90' lang='lat' dir='ltr'><strong>filiam</strong></span> <span class='ocrx_word' id='word_1_75' title='bbox 306 1574 345 1634; x_wconf 87' lang='lat' dir='ltr'><strong>ab</strong></span> <span class='ocrx_word' id='word_1_76' title='bbox 375 1574 601 1652; x_wconf 85' lang='lat' dir='ltr'><strong>Agamemnone</strong></span> <span class='ocrx_word' id='word_1_77' title='bbox 636 1585 753 1653; x_wconf 89' lang='lat' dir='ltr'><strong>captam</strong></span> <span class='ocrx_word' id='word_1_78' title='bbox 773 1576 925 1654; x_wconf 87' lang='lat' dir='ltr'><strong>petitum:</strong></span> <span class='ocrx_word' id='word_1_79' title='bbox 959 1594 1014 1632; x_wconf 93' lang='lat' dir='ltr'><strong>nec</strong></span> <span class='ocrx_word' id='word_1_80' title='bbox 1044 1592 1140 1652; x_wconf 88' lang='lat' dir='ltr'><strong>pauca</strong></span> <span class='ocrx_word' id='word_1_81' title='bbox 1174 1572 1253 1632; x_wconf 86' lang='lat' dir='ltr'><strong>dona</strong></span> 
     </span>
     <span class='ocr_line' id='line_1_12' title="bbox 185 1679 1049 1763; baseline -0.002 -19"><span class='ocrx_word' id='word_1_82' title='bbox 185 1686 317 1745; x_wconf 84' lang='lat' dir='ltr'><strong>attulisse</strong></span> <span class='ocrx_word' id='word_1_83' title='bbox 332 1685 458 1759; x_wconf 80' lang='lat' dir='ltr'><strong>videtur,</strong></span> <span class='ocrx_word' id='word_1_84' title='bbox 474 1705 540 1742; x_wconf 90' lang='lat' dir='ltr'><strong>cum</strong></span> <span class='ocrx_word' id='word_1_85' title='bbox 555 1679 583 1743; x_wconf 87' lang='lat' dir='ltr'><strong>A</strong></span> <span class='ocrx_word' id='word_1_86' title='bbox 601 1687 639 1744; x_wconf 78' lang='lat'><strong>13</strong></span> <span class='ocrx_word' id='word_1_87' title='bbox 655 1687 728 1744; x_wconf 90' lang='lat' dir='ltr'><strong>haec</strong></span> <span class='ocrx_word' id='word_1_88' title='bbox 742 1685 834 1744; x_wconf 89' lang='lat' dir='ltr'><strong>verba</strong></span> <span class='ocrx_word' id='word_1_89' title='bbox 848 1687 959 1763; x_wconf 84' lang='lat' dir='ltr'><strong>scripta</strong></span> <span class='ocrx_word' id='word_1_90' title='bbox 973 1685 1049 1742; x_wconf 86' lang='lat' dir='ltr'><strong>sint:</strong></span> 
     </span>
    </p>

    <p class='ocr_par' dir='ltr' id='par_1_6' title="bbox 336 1789 1139 1878">
     <span class='ocr_line' id='line_1_13' title="bbox 336 1789 1139 1878; baseline -0.004 -23"><span class='ocrx_word' id='word_1_91' title='bbox 336 1791 498 1876; x_wconf 83' lang='grc' dir='ltr'>λυσόμενός</span> <span class='ocrx_word' id='word_1_92' title='bbox 513 1813 549 1854; x_wconf 87' lang='grc' dir='ltr'>τε</span> <span class='ocrx_word' id='word_1_93' title='bbox 563 1791 698 1878; x_wconf 81' lang='grc' dir='ltr'>θύγατρα</span> <span class='ocrx_word' id='word_1_94' title='bbox 713 1793 810 1877; x_wconf 81' lang='grc' dir='ltr'>φέρων</span> <span class='ocrx_word' id='word_1_95' title='bbox 825 1793 851 1854; x_wconf 87' lang='grc' dir='ltr'><strong>τ’</strong></span> <span class='ocrx_word' id='word_1_96' title='bbox 871 1791 1008 1877; x_wconf 80' lang='grc' dir='ltr'>ἀπερείσι’</span> <span class='ocrx_word' id='word_1_97' title='bbox 1029 1789 1139 1853; x_wconf 87' lang='grc' dir='ltr'>ἄποινα</span> 
     </span>
    </p>
   </div>
   <div class='ocr_carea' id='block_1_6' title="bbox 90 1903 744 1984">
    <p class='ocr_par' dir='ltr' id='par_1_7' title="bbox 90 1903 744 1984">
     <span class='ocr_line' id='line_1_14' title="bbox 90 1903 744 1984; baseline -0.006 -21"><span class='ocrx_word' id='word_1_98' title='bbox 90 1920 93 1927; x_wconf 90' lang='grc'><em>·</em></span> <span class='ocrx_word' id='word_1_99' title='bbox 185 1914 216 1963; x_wconf 90' lang='lat' dir='ltr'><strong>et</strong></span> <span class='ocrx_word' id='word_1_100' title='bbox 229 1905 331 1984; x_wconf 87' lang='lat' dir='ltr'><strong>paullo</strong></span> <span class='ocrx_word' id='word_1_101' title='bbox 345 1915 411 1983; x_wconf 86' lang='lat' dir='ltr'><strong>post</strong></span> <span class='ocrx_word' id='word_1_102' title='bbox 427 1904 556 1984; x_wconf 77' lang='lat' dir='ltr'><strong>Chryses</strong></span> <span class='ocrx_word' id='word_1_103' title='bbox 570 1905 634 1983; x_wconf 92' lang='lat' dir='ltr'><strong>ipse</strong></span> <span class='ocrx_word' id='word_1_104' title='bbox 649 1903 744 1963; x_wconf 85' lang='lat' dir='ltr'><strong>dicat:</strong></span> 
     </span>
    </p>
   </div>
   <div class='ocr_carea' id='block_1_7' title="bbox 186 2003 1257 3548">
    <p class='ocr_par' dir='ltr' id='par_1_8' title="bbox 186 2003 1257 3548">
     <span class='ocr_line' id='line_1_15' title="bbox 337 2003 1210 2097; baseline -0.002 -23"><span class='ocrx_word' id='word_1_105' title='bbox 337 2005 437 2074; x_wconf 79' lang='grc' dir='ltr'>παῖδα</span> <span class='ocrx_word' id='word_1_106' title='bbox 452 2005 477 2073; x_wconf 78' lang='grc' dir='ltr'><strong>θ’</strong></span> <span class='ocrx_word' id='word_1_107' title='bbox 496 2012 564 2090; x_wconf 81' lang='grc' dir='ltr'>ἐμοὶ</span> <span class='ocrx_word' id='word_1_108' title='bbox 578 2010 669 2073; x_wconf 78' lang='grc' dir='ltr'>λῦσαί</span> <span class='ocrx_word' id='word_1_109' title='bbox 683 2033 718 2074; x_wconf 86' lang='grc' dir='ltr'>τε</span> <span class='ocrx_word' id='word_1_110' title='bbox 734 2011 822 2097; x_wconf 81' lang='grc' dir='ltr'>φίλην</span> <span class='ocrx_word' id='word_1_111' title='bbox 837 2010 880 2074; x_wconf 92' lang='grc' dir='ltr'>τά</span> <span class='ocrx_word' id='word_1_112' title='bbox 894 2013 918 2073; x_wconf 88' lang='grc' dir='ltr'><strong>τ’</strong></span> <span class='ocrx_word' id='word_1_113' title='bbox 939 2011 1049 2074; x_wconf 86' lang='grc' dir='ltr'>ἄποινα</span> <span class='ocrx_word' id='word_1_114' title='bbox 1065 2003 1210 2096; x_wconf 72' lang='grc' dir='ltr'>δέχεσθαι.</span> 
     </span>
     <span class='ocr_line' id='line_1_16' title="bbox 250 2122 1257 2205; baseline 0 -23"><span class='ocrx_word' id='word_1_115' title='bbox 250 2125 310 2183; x_wconf 84' lang='grc' dir='ltr'><strong>Ηὶο</strong></span> <span class='ocrx_word' id='word_1_116' title='bbox 339 2125 491 2202; x_wconf 85' lang='lat' dir='ltr'><strong>quaeritur</strong></span> <span class='ocrx_word' id='word_1_117' title='bbox 516 2144 587 2182; x_wconf 88' lang='lat' dir='ltr'><strong>num</strong></span> <span class='ocrx_word' id='word_1_118' title='bbox 617 2122 691 2205; x_wconf 81' lang='lat' dir='ltr'><strong>quid</strong></span> <span class='ocrx_word' id='word_1_119' title='bbox 716 2144 754 2183; x_wconf 87' lang='lat' dir='ltr'><strong>ex</strong></span> <span class='ocrx_word' id='word_1_120' title='bbox 788 2131 870 2203; x_wconf 88' lang='lat' dir='ltr'><strong>peste</strong></span> <span class='ocrx_word' id='word_1_121' title='bbox 901 2122 939 2182; x_wconf 90' lang='lat' dir='ltr'><strong>ab</strong></span> <span class='ocrx_word' id='word_1_122' title='bbox 965 2124 1107 2202; x_wconf 88' lang='lat' dir='ltr'><strong>Apolline</strong></span> <span class='ocrx_word' id='word_1_123' title='bbox 1136 2132 1257 2202; x_wconf 88' lang='lat' dir='ltr'><strong>propter</strong></span> 
     </span>
     <span class='ocr_line' id='line_1_17' title="bbox 186 2232 1256 2312; baseline -0.001 -20"><span class='ocrx_word' id='word_1_124' title='bbox 186 2233 358 2312; x_wconf 86' lang='lat' dir='ltr'><strong>repudiatas</strong></span> <span class='ocrx_word' id='word_1_125' title='bbox 372 2233 533 2292; x_wconf 84' lang='lat' dir='ltr'><strong>sacerdotis</strong></span> <span class='ocrx_word' id='word_1_126' title='bbox 547 2253 649 2312; x_wconf 86' lang='lat' dir='ltr'><strong>preces</strong></span> <span class='ocrx_word' id='word_1_127' title='bbox 664 2235 795 2292; x_wconf 88' lang='lat' dir='ltr'><strong>immissa</strong></span> <span class='ocrx_word' id='word_1_128' title='bbox 809 2232 1045 2292; x_wconf 88' lang='lat' dir='ltr'><strong>concludendum</strong></span> <span class='ocrx_word' id='word_1_129' title='bbox 1060 2234 1106 2292; x_wconf 90' lang='lat' dir='ltr'><strong>sit.</strong></span> <span class='ocrx_word' id='word_1_130' title='bbox 1142 2232 1203 2292; x_wconf 84' lang='lat' dir='ltr'><strong>Sed</strong></span> <span class='ocrx_word' id='word_1_131' title='bbox 1218 2253 1256 2292; x_wconf 87' lang='lat' dir='ltr'><strong>ex</strong></span> 
     </span>
     <span class='ocr_line' id='line_1_18' title="bbox 187 2343 1254 2423; baseline -0.002 -21"><span class='ocrx_word' id='word_1_132' title='bbox 187 2343 322 2402; x_wconf 89' lang='lat' dir='ltr'><strong>omnibus</strong></span> <span class='ocrx_word' id='word_1_133' title='bbox 335 2343 408 2402; x_wconf 90' lang='lat' dir='ltr'><strong>locis</strong></span> <span class='ocrx_word' id='word_1_134' title='bbox 423 2343 527 2416; x_wconf 83' lang='lat' dir='ltr'><strong>elucet,</strong></span> <span class='ocrx_word' id='word_1_135' title='bbox 542 2343 715 2423; x_wconf 86' lang='lat' dir='ltr'><strong>Apollinem</strong></span> <span class='ocrx_word' id='word_1_136' title='bbox 730 2364 789 2402; x_wconf 93' lang='lat' dir='ltr'><strong>non</strong></span> <span class='ocrx_word' id='word_1_137' title='bbox 804 2351 866 2402; x_wconf 88' lang='lat' dir='ltr'><strong>tam</strong></span> <span class='ocrx_word' id='word_1_138' title='bbox 881 2343 1044 2422; x_wconf 89' lang='lat' dir='ltr'><strong>supplicem</strong></span> <span class='ocrx_word' id='word_1_139' title='bbox 1056 2362 1145 2421; x_wconf 87' lang='lat' dir='ltr'><strong>quam</strong></span> <span class='ocrx_word' id='word_1_140' title='bbox 1159 2361 1254 2400; x_wconf 85' lang='lat' dir='ltr'><strong>sacer·</strong></span> 
     </span>
     <span class='ocr_line' id='line_1_19' title="bbox 188 2451 1255 2532; baseline 0 -21"><span class='ocrx_word' id='word_1_141' title='bbox 188 2452 285 2513; x_wconf 90' lang='lat' dir='ltr'><strong>dotem</strong></span> <span class='ocrx_word' id='word_1_142' title='bbox 300 2453 358 2532; x_wconf 91' lang='lat' dir='ltr'><strong>ipsi</strong></span> <span class='ocrx_word' id='word_1_143' title='bbox 380 2454 562 2512; x_wconf 90' lang='lat' dir='ltr'><strong>carissimum</strong></span> <span class='ocrx_word' id='word_1_144' title='bbox 584 2455 795 2513; x_wconf 87' lang='lat' dir='ltr'><strong>honoraturum</strong></span> <span class='ocrx_word' id='word_1_145' title='bbox 816 2454 916 2512; x_wconf 88' lang='lat' dir='ltr'><strong>fuisse.</strong></span> <span class='ocrx_word' id='word_1_146' title='bbox 960 2451 1058 2528; x_wconf 81' lang='lat' dir='ltr'><strong>Quam</strong></span> <span class='ocrx_word' id='word_1_147' title='bbox 1078 2455 1255 2520; x_wconf 87' lang='lat' dir='ltr'><strong>sententiam</strong></span> 
     </span>
     <span class='ocr_line' id='line_1_20' title="bbox 187 2562 1255 2643; baseline -0.001 -22"><span class='ocrx_word' id='word_1_148' title='bbox 187 2564 212 2622; x_wconf 90' lang='lat' dir='ltr'><strong>si</strong></span> <span class='ocrx_word' id='word_1_149' title='bbox 234 2563 379 2642; x_wconf 86' lang='lat' dir='ltr'><strong>exemplis</strong></span> <span class='ocrx_word' id='word_1_150' title='bbox 403 2562 579 2643; x_wconf 87' lang='lat' dir='ltr'><strong>probatmus</strong></span> <span class='ocrx_word' id='word_1_151' title='bbox 599 2583 640 2637; x_wconf 85' lang='lat' dir='ltr'><strong>es,</strong></span> <span class='ocrx_word' id='word_1_152' title='bbox 654 2566 769 2642; x_wconf 87' lang='lat' dir='ltr'><strong>aptiora</strong></span> <span class='ocrx_word' id='word_1_153' title='bbox 789 2564 919 2623; x_wconf 90' lang='lat' dir='ltr'><strong>inveniri</strong></span> <span class='ocrx_word' id='word_1_154' title='bbox 943 2564 996 2622; x_wconf 84' lang='lat' dir='ltr'><strong>vix</strong></span> <span class='ocrx_word' id='word_1_155' title='bbox 1020 2572 1151 2642; x_wconf 87' lang='lat' dir='ltr'><strong>possunt,</strong></span> <span class='ocrx_word' id='word_1_156' title='bbox 1165 2583 1255 2642; x_wconf 85' lang='lat' dir='ltr'><strong>quam</strong></span> 
     </span>
     <span class='ocr_line' id='line_1_21' title="bbox 187 2669 1254 2752; baseline 0 -21"><span class='ocrx_word' id='word_1_157' title='bbox 187 2692 264 2752; x_wconf 90' lang='lat' dir='ltr'><strong>quae</strong></span> <span class='ocrx_word' id='word_1_158' title='bbox 279 2693 359 2731; x_wconf 89' lang='lat' dir='ltr'><strong>nunc</strong></span> <span class='ocrx_word' id='word_1_159' title='bbox 373 2672 462 2733; x_wconf 85' lang='lat' dir='ltr'><strong>affere</strong></span> <span class='ocrx_word' id='word_1_160' title='bbox 477 2675 550 2733; x_wconf 91' lang='lat' dir='ltr'><strong>mihi</strong></span> <span class='ocrx_word' id='word_1_161' title='bbox 565 2674 662 2733; x_wconf 85' lang='lat' dir='ltr'><strong>liceat.</strong></span> <span class='ocrx_word' id='word_1_162' title='bbox 706 2674 790 2732; x_wconf 88' lang='lat' dir='ltr'><strong>Dicit</strong></span> <span class='ocrx_word' id='word_1_163' title='bbox 810 2675 889 2732; x_wconf 88' lang='lat' dir='ltr'><strong>enim</strong></span> <span class='ocrx_word' id='word_1_164' title='bbox 909 2672 1038 2752; x_wconf 79' lang='lat' dir='ltr'><strong>Chryses</strong></span> <span class='ocrx_word' id='word_1_165' title='bbox 1057 2674 1120 2751; x_wconf 91' lang='lat' dir='ltr'><strong>ipse</strong></span> <span class='ocrx_word' id='word_1_166' title='bbox 1137 2669 1161 2732; x_wconf 89' lang='lat' dir='ltr'><strong>A</strong></span> <span class='ocrx_word' id='word_1_167' title='bbox 1177 2674 1254 2731; x_wconf 79' lang='lat'>454:</span> 
     </span>
     <span class='ocr_line' id='line_1_22' title="bbox 338 2778 619 2867; baseline 0.011 -25"><span class='ocrx_word' id='word_1_168' title='bbox 338 2779 468 2864; x_wconf 84' lang='grc' dir='ltr'>τίμησας</span> <span class='ocrx_word' id='word_1_169' title='bbox 484 2778 539 2866; x_wconf 82' lang='grc' dir='ltr'><strong>μὲν</strong></span> <span class='ocrx_word' id='word_1_170' title='bbox 554 2780 619 2867; x_wconf 77' lang='grc' dir='ltr'>ἐμέ.</span> 
     </span>
     <span class='ocr_line' id='line_1_23' title="bbox 251 2891 1252 2972; baseline -0.003 -19"><span class='ocrx_word' id='word_1_171' title='bbox 251 2895 316 2952; x_wconf 91' lang='lat' dir='ltr'><strong>Nec</strong></span> <span class='ocrx_word' id='word_1_172' title='bbox 342 2892 468 2953; x_wconf 78' lang='lat' dir='ltr'><strong>Calchas</strong></span> <span class='ocrx_word' id='word_1_173' title='bbox 494 2893 584 2951; x_wconf 86' lang='lat' dir='ltr'><strong>aliam</strong></span> <span class='ocrx_word' id='word_1_174' title='bbox 608 2896 700 2972; x_wconf 89' lang='lat' dir='ltr'><strong>pestis</strong></span> <span class='ocrx_word' id='word_1_175' title='bbox 725 2895 873 2952; x_wconf 81' lang='lat' dir='ltr'><strong>immissae</strong></span> <span class='ocrx_word' id='word_1_176' title='bbox 898 2913 1017 2952; x_wconf 87' lang='lat' dir='ltr'><strong>causam</strong></span> <span class='ocrx_word' id='word_1_177' title='bbox 1042 2892 1162 2970; x_wconf 82' lang='lat' dir='ltr'><strong>profert.</strong></span> <span class='ocrx_word' id='word_1_178' title='bbox 1207 2891 1252 2951; x_wconf 82' lang='lat' dir='ltr'><strong>Of.</strong></span> 
     </span>
     <span class='ocr_line' id='line_1_24' title="bbox 188 3002 341 3083; baseline -0.026 -18"><span class='ocrx_word' id='word_1_179' title='bbox 188 3002 272 3065; x_wconf 81' lang='lat' dir='ltr'><strong>A94</strong></span> <span class='ocrx_word' id='word_1_180' title='bbox 286 3025 341 3083; x_wconf 91' lang='lat' dir='ltr'><strong>sqq</strong></span> 
     </span>
     <span class='ocr_line' id='line_1_25' title="bbox 339 3109 1087 3197; baseline -0.004 -24"><span class='ocrx_word' id='word_1_181' title='bbox 339 3111 406 3173; x_wconf 85' lang='grc' dir='ltr'>ἀλλ’</span> <span class='ocrx_word' id='word_1_182' title='bbox 426 3109 501 3174; x_wconf 83' lang='grc' dir='ltr'>ἕνεκ’</span> <span class='ocrx_word' id='word_1_183' title='bbox 521 3114 678 3195; x_wconf 78' lang='grc' dir='ltr'>ἀρητῆρος,</span> <span class='ocrx_word' id='word_1_184' title='bbox 694 3111 727 3174; x_wconf 86' lang='grc' dir='ltr'><strong>ὃν</strong></span> <span class='ocrx_word' id='word_1_185' title='bbox 744 3110 864 3195; x_wconf 77' lang='grc' dir='ltr'>ἠτίμησ’</span> <span class='ocrx_word' id='word_1_186' title='bbox 880 3109 1087 3197; x_wconf 78' lang='grc' dir='ltr'>Ἀγαμέμνων</span> 
     </span>
     <span class='ocr_line' id='line_1_26' title="bbox 341 3212 1163 3307; baseline 0 -25"><span class='ocrx_word' id='word_1_187' title='bbox 341 3213 403 3282; x_wconf 80' lang='grc' dir='ltr'>οὐδ’</span> <span class='ocrx_word' id='word_1_188' title='bbox 423 3220 557 3283; x_wconf 83' lang='grc' dir='ltr'>ἀπέλυσε</span> <span class='ocrx_word' id='word_1_189' title='bbox 572 3219 709 3307; x_wconf 71' lang='grc' dir='ltr'>θύγατρα</span> <span class='ocrx_word' id='word_1_190' title='bbox 725 3220 778 3282; x_wconf 84' lang='grc' dir='ltr'><strong>καὶ</strong></span> <span class='ocrx_word' id='word_1_191' title='bbox 792 3221 847 3283; x_wconf 81' lang='grc' dir='ltr'><strong>οὐκ</strong></span> <span class='ocrx_word' id='word_1_192' title='bbox 862 3212 1024 3300; x_wconf 76' lang='grc' dir='ltr'>ἀπεδέξατ’</span> <span class='ocrx_word' id='word_1_193' title='bbox 1045 3220 1163 3300; x_wconf 75' lang='grc' dir='ltr'>ἄποινα,</span> 
     </span>
     <span class='ocr_line' id='line_1_27' title="bbox 339 3324 1154 3417; baseline -0.002 -23"><span class='ocrx_word' id='word_1_194' title='bbox 339 3329 452 3394; x_wconf 85' lang='grc' dir='ltr'>τούνεκ’</span> <span class='ocrx_word' id='word_1_195' title='bbox 473 3331 515 3415; x_wconf 88' lang='grc' dir='ltr'><strong>ἄρ’</strong></span> <span class='ocrx_word' id='word_1_196' title='bbox 537 3330 618 3417; x_wconf 82' lang='grc' dir='ltr'>ἄλγε’</span> <span class='ocrx_word' id='word_1_197' title='bbox 640 3324 752 3394; x_wconf 81' lang='grc' dir='ltr'>ἔδωκεν</span> <span class='ocrx_word' id='word_1_198' title='bbox 768 3333 911 3411; x_wconf 80' lang='grc' dir='ltr'>ἑκηβόλος</span> <span class='ocrx_word' id='word_1_199' title='bbox 926 3324 973 3402; x_wconf 79' lang='grc' dir='ltr'><strong>ηδ’</strong></span> <span class='ocrx_word' id='word_1_200' title='bbox 994 3334 1041 3394; x_wconf 77' lang='grc' dir='ltr'><strong>ἔτι</strong></span> <span class='ocrx_word' id='word_1_201' title='bbox 1056 3324 1154 3394; x_wconf 82' lang='grc' dir='ltr'>δώσει.</span> 
     </span>
     <span class='ocr_line' id='line_1_28' title="bbox 250 3464 993 3548; baseline 0 -21"><span class='ocrx_word' id='word_1_202' title='bbox 250 3467 339 3528; x_wconf 83' lang='lat' dir='ltr'><strong>Adde</strong></span> <span class='ocrx_word' id='word_1_203' title='bbox 354 3467 434 3548; x_wconf 91' lang='lat' dir='ltr'><strong>quod</strong></span> <span class='ocrx_word' id='word_1_204' title='bbox 449 3468 583 3528; x_wconf 90' lang='lat' dir='ltr'><strong>Achilles</strong></span> <span class='ocrx_word' id='word_1_205' title='bbox 597 3468 720 3528; x_wconf 86' lang='lat' dir='ltr'><strong>Thetidi</strong></span> <span class='ocrx_word' id='word_1_206' title='bbox 736 3464 762 3528; x_wconf 85' lang='lat' dir='ltr'><strong>A</strong></span> <span class='ocrx_word' id='word_1_207' title='bbox 780 3471 842 3528; x_wconf 83' lang='lat'><strong>380</strong></span> <span class='ocrx_word' id='word_1_208' title='bbox 857 3487 890 3548; x_wconf 89' lang='lat' dir='ltr'><strong>sq</strong></span> <span class='ocrx_word' id='word_1_209' title='bbox 906 3468 993 3527; x_wconf 88' lang='lat' dir='ltr'><strong>dicit:</strong></span> 
     </span>
    </p>
   </div>
   <div class='ocr_carea' id='block_1_8' title="bbox 339 3593 1060 3796">
    <p class='ocr_par' dir='ltr' id='par_1_9' title="bbox 339 3593 1060 3796">
     <span class='ocr_line' id='line_1_29' title="bbox 474 3593 949 3690; baseline -0.006 -28"><span class='ocrx_word' id='word_1_210' title='bbox 474 3611 543 3664; x_wconf 85' lang='grc' dir='ltr'>τοῖο</span> <span class='ocrx_word' id='word_1_211' title='bbox 559 3600 725 3690; x_wconf 80' lang='grc' dir='ltr'>(γέροντος)</span> <span class='ocrx_word' id='word_1_212' title='bbox 741 3593 767 3662; x_wconf 79' lang='grc' dir='ltr'><strong>δ’</strong></span> <span class='ocrx_word' id='word_1_213' title='bbox 783 3600 949 3664; x_wconf 73' lang='grc' dir='ltr'>Ἀπόλλων</span> 
     </span>
     <span class='ocr_line' id='line_1_30' title="bbox 339 3703 1060 3796; baseline -0.006 -22"><span class='ocrx_word' id='word_1_214' title='bbox 339 3703 506 3796; x_wconf 72' lang='grc' dir='ltr'>εὐξαμένου</span> <span class='ocrx_word' id='word_1_215' title='bbox 520 3710 657 3785; x_wconf 79' lang='grc' dir='ltr'>ἤκουσεν,</span> <span class='ocrx_word' id='word_1_216' title='bbox 674 3713 739 3774; x_wconf 74' lang='grc' dir='ltr'>ἐπεὶ</span> <span class='ocrx_word' id='word_1_217' title='bbox 754 3709 839 3796; x_wconf 74' lang='grc' dir='ltr'>μάλα</span> <span class='ocrx_word' id='word_1_218' title='bbox 855 3715 883 3772; x_wconf 79' lang='grc' dir='ltr'><strong>οἱ</strong></span> <span class='ocrx_word' id='word_1_219' title='bbox 898 3709 983 3794; x_wconf 76' lang='grc' dir='ltr'>φίλος</span> <span class='ocrx_word' id='word_1_220' title='bbox 998 3703 1060 3780; x_wconf 78' lang='grc' dir='ltr'>ἦεν.</span> 
     </span>
    </p>
   </div>
   <div class='ocr_carea' id='block_1_9' title="bbox 143 3847 1257 4056">
    <p class='ocr_par' dir='ltr' id='par_1_10' title="bbox 143 3847 1257 4056">
     <span class='ocr_line' id='line_1_31' title="bbox 143 3847 1257 3930; baseline -0.004 -18"><span class='ocrx_word' id='word_1_221' title='bbox 143 3889 156 3912; x_wconf 62' lang='grc' dir='ltr'>ι</span> <span class='ocrx_word' id='word_1_222' title='bbox 252 3851 415 3930; x_wconf 85' lang='lat' dir='ltr'><strong>Neque-</strong></span> <span class='ocrx_word' id='word_1_223' title='bbox 430 3858 462 3909; x_wconf 94' lang='lat' dir='ltr'><strong>ut</strong></span> <span class='ocrx_word' id='word_1_224' title='bbox 474 3850 511 3910; x_wconf 85' lang='lat' dir='ltr'><strong>ed</strong></span> <span class='ocrx_word' id='word_1_225' title='bbox 525 3851 659 3930; x_wconf 87' lang='lat' dir='ltr'><strong>captivos</strong></span> <span class='ocrx_word' id='word_1_226' title='bbox 675 3848 842 3927; x_wconf 87' lang='lat' dir='ltr'><strong>redemptos</strong></span> <span class='ocrx_word' id='word_1_227' title='bbox 854 3847 972 3906; x_wconf 86' lang='lat' dir='ltr'><strong>redeam</strong></span> <span class='ocrx_word' id='word_1_228' title='bbox 985 3881 1026 3891; x_wconf 93' lang='lat'><em>-</em></span> <span class='ocrx_word' id='word_1_229' title='bbox 1042 3847 1160 3907; x_wconf 89' lang='lat' dir='ltr'><strong>silentio</strong></span> <span class='ocrx_word' id='word_1_230' title='bbox 1174 3868 1257 3927; x_wconf 81' lang='lat' dir='ltr'><strong>prae-</strong></span> 
     </span>
     <span class='ocr_line' id='line_1_32' title="bbox 187 3952 1256 4056; baseline 0 -38"><span class='ocrx_word' id='word_1_231' title='bbox 187 3960 379 4020; x_wconf 87' lang='lat' dir='ltr'><strong>termittenda</strong></span> <span class='ocrx_word' id='word_1_232' title='bbox 407 3968 475 4019; x_wconf 86' lang='lat' dir='ltr'><strong>eunt</strong></span> <span class='ocrx_word' id='word_1_233' title='bbox 503 3958 732 4020; x_wconf 82' lang='lat' dir='ltr'><strong>Andromachae</strong></span> <span class='ocrx_word' id='word_1_234' title='bbox 753 3958 857 4056; x_wconf 84' lang='lat' dir='ltr'><strong>verba,</strong></span> <span class='ocrx_word' id='word_1_235' title='bbox 880 3977 957 4036; x_wconf 82' lang='lat' dir='ltr'><strong>quae</strong></span> <span class='ocrx_word' id='word_1_236' title='bbox 978 3952 1004 4017; x_wconf 92' lang='lat' dir='ltr'>Z</span> <span class='ocrx_word' id='word_1_237' title='bbox 1028 3959 1088 4018; x_wconf 81' lang='lat'><strong>426</strong></span> <span class='ocrx_word' id='word_1_238' title='bbox 1116 3978 1150 4038; x_wconf 89' lang='lat' dir='ltr'><strong>sq</strong></span> <span class='ocrx_word' id='word_1_239' title='bbox 1175 3959 1256 4018; x_wconf 86' lang='lat' dir='ltr'><strong>inve·</strong></span> 
     </span>
    </p>
   </div>
   <div class='ocr_carea' id='block_1_10' title="bbox 187 4073 1104 4204">
    <p class='ocr_par' dir='ltr' id='par_1_11' title="bbox 187 4073 1104 4204">
     <span class='ocr_line' id='line_1_33' title="bbox 187 4073 324 4130; baseline 0 0"><span class='ocrx_word' id='word_1_240' title='bbox 187 4073 324 4130; x_wconf 88' lang='lat' dir='ltr'><strong>ninntur:</strong></span> 
     </span>
     <span class='ocr_line' id='line_1_34' title="bbox 1092 4166 1104 4204; baseline 0 0"><span class='ocrx_word' id='word_1_241' title='bbox 1092 4166 1104 4204; x_wconf 83' lang='lat' dir='ltr'><strong>a</strong></span> 
     </span>
    </p>
   </div>
   <div class='ocr_carea' id='block_1_11' title="bbox 0 0 1602 4898">
    <p class='ocr_par' dir='ltr' id='par_1_12' title="bbox 0 0 1602 4898">
     <span class='ocr_line' id='line_1_35' title="bbox 0 0 1602 4898; baseline 0 0"><span class='ocrx_word' id='word_1_242' title='bbox 0 0 1602 4898; x_wconf 95' lang='lat' dir='ltr'><strong> </strong></span> 
     </span>
    </p>
   </div>
  </div>
 </body>
</html>
