<?xml version="1.0" encoding="UTF-8"?>
<!DOCTYPE html PUBLIC "-//W3C//DTD XHTML 1.0 Transitional//EN"
    "http://www.w3.org/TR/xhtml1/DTD/xhtml1-transitional.dtd">
<html xmlns="http://www.w3.org/1999/xhtml" xml:lang="en" lang="en">
 <head>
  <title>
</title>
<meta http-equiv="Content-Type" content="text/html;charset=utf-8" />
  <meta name='ocr-system' content='tesseract 3.04.00' />
  <meta name='ocr-capabilities' content='ocr_page ocr_carea ocr_par ocr_line ocrx_word'/>
</head>
<body>
  <div class='ocr_page' id='page_1' title='image "./devestigiisiuri00sorggoog_0019.png"; bbox 0 0 3176 4898; ppageno 0'>
   <div class='ocr_carea' id='block_1_1' title="bbox 281 450 1364 3812">
    <p class='ocr_par' dir='ltr' id='par_1_1' title="bbox 281 450 1352 862">
     <span class='ocr_line' id='line_1_1' title="bbox 345 450 1352 528; baseline 0 -20"><span class='ocrx_word' id='word_1_1' title='bbox 345 451 482 510; x_wconf 84' lang='lat' dir='ltr'>Minerva</span> <span class='ocrx_word' id='word_1_2' title='bbox 504 459 601 509; x_wconf 91' lang='lat' dir='ltr'>autem</span> <span class='ocrx_word' id='word_1_3' title='bbox 625 458 654 508; x_wconf 89' lang='lat' dir='ltr'>et</span> <span class='ocrx_word' id='word_1_4' title='bbox 677 451 873 509; x_wconf 78' lang='lat' dir='ltr'>Telemachus</span> <span class='ocrx_word' id='word_1_5' title='bbox 893 471 959 508; x_wconf 84' lang='lat' dir='ltr'>cum</span> <span class='ocrx_word' id='word_1_6' title='bbox 974 450 1084 528; x_wconf 90' lang='lat' dir='ltr'>Pylum</span> <span class='ocrx_word' id='word_1_7' title='bbox 1105 451 1267 522; x_wconf 86' lang='lat' dir='ltr'>venissent,</span> <span class='ocrx_word' id='word_1_8' title='bbox 1294 450 1352 508; x_wconf 88' lang='lat' dir='ltr'>Ne·</span> 
     </span>
     <span class='ocr_line' id='line_1_2' title="bbox 282 558 1351 638; baseline 0 -22"><span class='ocrx_word' id='word_1_9' title='bbox 282 566 387 618; x_wconf 88' lang='lat' dir='ltr'>storem</span> <span class='ocrx_word' id='word_1_10' title='bbox 401 561 521 638; x_wconf 89' lang='lat' dir='ltr'>eiusque</span> <span class='ocrx_word' id='word_1_11' title='bbox 537 559 616 618; x_wconf 87' lang='lat' dir='ltr'>filios</span> <span class='ocrx_word' id='word_1_12' title='bbox 625 567 765 618; x_wconf 80' lang='lat' dir='ltr'>cenantes</span> <span class='ocrx_word' id='word_1_13' title='bbox 777 561 968 618; x_wconf 87' lang='lat' dir='ltr'>invenerunt:</span> <span class='ocrx_word' id='word_1_14' title='bbox 983 561 1033 638; x_wconf 89' lang='lat' dir='ltr'>qui</span> <span class='ocrx_word' id='word_1_15' title='bbox 1046 558 1165 638; x_wconf 90' lang='lat' dir='ltr'>quidem</span> <span class='ocrx_word' id='word_1_16' title='bbox 1178 561 1276 618; x_wconf 88' lang='lat' dir='ltr'>statim</span> <span class='ocrx_word' id='word_1_17' title='bbox 1287 561 1351 616; x_wconf 88' lang='lat' dir='ltr'>uni·</span> 
     </span>
     <span class='ocr_line' id='line_1_3' title="bbox 281 668 1352 747; baseline -0.001 -21"><span class='ocrx_word' id='word_1_18' title='bbox 281 670 359 727; x_wconf 89' lang='lat' dir='ltr'>versi</span> <span class='ocrx_word' id='word_1_19' title='bbox 391 670 514 728; x_wconf 89' lang='lat' dir='ltr'>simulac</span> <span class='ocrx_word' id='word_1_20' title='bbox 539 671 710 747; x_wconf 84' lang='lat' dir='ltr'>peregrinos</span> <span class='ocrx_word' id='word_1_21' title='bbox 736 668 888 742; x_wconf 89' lang='lat' dir='ltr'>viderunt,</span> <span class='ocrx_word' id='word_1_22' title='bbox 915 688 964 727; x_wconf 88' lang='lat' dir='ltr'>eos</span> <span class='ocrx_word' id='word_1_23' title='bbox 990 669 1194 728; x_wconf 87' lang='lat' dir='ltr'>salutaverunt</span> <span class='ocrx_word' id='word_1_24' title='bbox 1219 668 1352 746; x_wconf 87' lang='lat' dir='ltr'>beneque</span> 
     </span>
     <span class='ocr_line' id='line_1_4' title="bbox 283 779 659 862; baseline 0 -26"><span class='ocrx_word' id='word_1_25' title='bbox 283 787 464 856; x_wconf 88' lang='lat' dir='ltr'>exceperunt</span> <span class='ocrx_word' id='word_1_26' title='bbox 479 779 516 837; x_wconf 90' lang='lat' dir='ltr'>cf.</span> <span class='ocrx_word' id='word_1_27' title='bbox 534 799 554 862; x_wconf 79' lang='grc' dir='ltr'><strong>χ</strong></span> <span class='ocrx_word' id='word_1_28' title='bbox 570 780 610 836; x_wconf 86' lang='grc'>34</span> <span class='ocrx_word' id='word_1_29' title='bbox 626 798 659 856; x_wconf 93' lang='lat' dir='ltr'>sq</span> 
     </span>
    </p>

    <p class='ocr_par' dir='ltr' id='par_1_2' title="bbox 434 877 1224 1081">
     <span class='ocr_line' id='line_1_5' title="bbox 435 877 1224 971; baseline 0 -24"><span class='ocrx_word' id='word_1_30' title='bbox 435 891 462 948; x_wconf 86' lang='grc' dir='ltr'>οί</span> <span class='ocrx_word' id='word_1_31' title='bbox 478 878 503 946; x_wconf 80' lang='grc' dir='ltr'>δ’</span> <span class='ocrx_word' id='word_1_32' title='bbox 520 885 560 958; x_wconf 65' lang='lat' dir='ltr'>cir</span> <span class='ocrx_word' id='word_1_33' title='bbox 576 879 627 946; x_wconf 77' lang='lat' dir='ltr'>cdv</span> <span class='ocrx_word' id='word_1_34' title='bbox 644 882 754 963; x_wconf 76' lang='grc' dir='ltr'><strong>ξείνους</strong></span> <span class='ocrx_word' id='word_1_35' title='bbox 769 877 843 964; x_wconf 74' lang='lat' dir='ltr'>ibor,</span> <span class='ocrx_word' id='word_1_36' title='bbox 859 883 959 971; x_wconf 82' lang='grc' dir='ltr'><strong>ἁθρόοι</strong></span> <span class='ocrx_word' id='word_1_37' title='bbox 975 879 1065 956; x_wconf 74' lang='grc' dir='ltr'><strong>ἦλθον</strong></span> <span class='ocrx_word' id='word_1_38' title='bbox 1083 884 1224 961; x_wconf 78' lang='grc' dir='ltr'><strong>ἅπαντες,</strong></span> 
     </span>
     <span class='ocr_line' id='line_1_6' title="bbox 434 986 1176 1081; baseline 0.001 -25"><span class='ocrx_word' id='word_1_39' title='bbox 434 995 531 1080; x_wconf 84' lang='grc' dir='ltr'><strong>χερσίν</strong></span> <span class='ocrx_word' id='word_1_40' title='bbox 546 994 571 1055; x_wconf 91' lang='grc' dir='ltr'>τ’</span> <span class='ocrx_word' id='word_1_41' title='bbox 592 986 777 1072; x_wconf 79' lang='grc' dir='ltr'><strong>ἠσπάζοντο,</strong></span> <span class='ocrx_word' id='word_1_42' title='bbox 792 994 844 1056; x_wconf 91' lang='grc' dir='ltr'>καὶ</span> <span class='ocrx_word' id='word_1_43' title='bbox 860 988 1032 1079; x_wconf 72' lang='grc' dir='ltr'>ἑδριάασθαι</span> <span class='ocrx_word' id='word_1_44' title='bbox 1048 995 1176 1081; x_wconf 81' lang='grc' dir='ltr'><strong>ἄνωγον.</strong></span> 
     </span>
    </p>

    <p class='ocr_par' dir='ltr' id='par_1_3' title="bbox 283 1105 1354 1406">
     <span class='ocr_line' id='line_1_7' title="bbox 348 1105 1352 1186; baseline 0 -23"><span class='ocrx_word' id='word_1_45' title='bbox 348 1106 432 1164; x_wconf 82' lang='lat' dir='ltr'>Licet</span> <span class='ocrx_word' id='word_1_46' title='bbox 457 1107 581 1165; x_wconf 87' lang='lat' dir='ltr'>fortasse</span> <span class='ocrx_word' id='word_1_47' title='bbox 606 1105 715 1165; x_wconf 86' lang='lat' dir='ltr'>addere</span> <span class='ocrx_word' id='word_1_48' title='bbox 745 1106 836 1166; x_wconf 89' lang='lat' dir='ltr'>verba</span> <span class='ocrx_word' id='word_1_49' title='bbox 856 1108 990 1166; x_wconf 79' lang='lat' dir='ltr'>Echenei</span> <span class='ocrx_word' id='word_1_50' title='bbox 1014 1109 1099 1181; x_wconf 91' lang='lat' dir='ltr'>senis,</span> <span class='ocrx_word' id='word_1_51' title='bbox 1123 1109 1172 1186; x_wconf 92' lang='lat' dir='ltr'>qui</span> <span class='ocrx_word' id='word_1_52' title='bbox 1194 1105 1352 1164; x_wconf 86' lang='lat' dir='ltr'>Alcinoum</span> 
     </span>
     <span class='ocr_line' id='line_1_8' title="bbox 283 1215 1354 1294; baseline -0.002 -21"><span class='ocrx_word' id='word_1_53' title='bbox 283 1215 454 1274; x_wconf 82' lang='lat' dir='ltr'>adhortatus</span> <span class='ocrx_word' id='word_1_54' title='bbox 474 1225 527 1289; x_wconf 89' lang='lat' dir='ltr'>est,</span> <span class='ocrx_word' id='word_1_55' title='bbox 547 1225 580 1274; x_wconf 92' lang='lat' dir='ltr'>ut</span> <span class='ocrx_word' id='word_1_56' title='bbox 598 1217 716 1275; x_wconf 83' lang='lat' dir='ltr'>Ulixem</span> <span class='ocrx_word' id='word_1_57' title='bbox 739 1218 903 1294; x_wconf 87' lang='lat' dir='ltr'>exciperet:</span> <span class='ocrx_word' id='word_1_58' title='bbox 924 1226 1014 1294; x_wconf 85' lang='lat' dir='ltr'>negat</span> <span class='ocrx_word' id='word_1_59' title='bbox 1035 1219 1114 1276; x_wconf 88' lang='lat' dir='ltr'>enim</span> <span class='ocrx_word' id='word_1_60' title='bbox 1134 1215 1246 1287; x_wconf 84' lang='lat' dir='ltr'>decere,</span> <span class='ocrx_word' id='word_1_61' title='bbox 1269 1215 1354 1273; x_wconf 92' lang='lat' dir='ltr'>illum</span> 
     </span>
     <span class='ocr_line' id='line_1_9' title="bbox 285 1324 1018 1406; baseline 0.004 -24"><span class='ocrx_word' id='word_1_62' title='bbox 285 1326 317 1382; x_wconf 92' lang='lat' dir='ltr'>in</span> <span class='ocrx_word' id='word_1_63' title='bbox 332 1333 463 1384; x_wconf 87' lang='lat' dir='ltr'>extremo</span> <span class='ocrx_word' id='word_1_64' title='bbox 479 1327 589 1402; x_wconf 84' lang='lat' dir='ltr'>angulo</span> <span class='ocrx_word' id='word_1_65' title='bbox 604 1327 686 1384; x_wconf 93' lang='lat' dir='ltr'>humi</span> <span class='ocrx_word' id='word_1_66' title='bbox 702 1324 803 1385; x_wconf 87' lang='lat' dir='ltr'>sedere</span> <span class='ocrx_word' id='word_1_67' title='bbox 818 1327 855 1385; x_wconf 88' lang='lat' dir='ltr'>cf.</span> <span class='ocrx_word' id='word_1_68' title='bbox 871 1347 889 1394; x_wconf 85' lang='grc' dir='ltr'>η</span> <span class='ocrx_word' id='word_1_69' title='bbox 908 1329 967 1385; x_wconf 82' lang='lat'>159</span> <span class='ocrx_word' id='word_1_70' title='bbox 984 1348 1018 1406; x_wconf 90' lang='lat' dir='ltr'>sq</span> 
     </span>
    </p>

    <p class='ocr_par' dir='ltr' id='par_1_4' title="bbox 432 1424 1209 1519">
     <span class='ocr_line' id='line_1_10' title="bbox 432 1424 1209 1519; baseline -0.003 -25"><span class='ocrx_word' id='word_1_71' title='bbox 432 1432 579 1511; x_wconf 80' lang='grc' dir='ltr'><strong>Ἀλκίνο’,</strong></span> <span class='ocrx_word' id='word_1_72' title='bbox 595 1433 629 1494; x_wconf 89' lang='grc' dir='ltr'>οὐ</span> <span class='ocrx_word' id='word_1_73' title='bbox 646 1432 700 1519; x_wconf 82' lang='grc' dir='ltr'>μέν</span> <span class='ocrx_word' id='word_1_74' title='bbox 716 1455 764 1494; x_wconf 89' lang='grc' dir='ltr'>τοι</span> <span class='ocrx_word' id='word_1_75' title='bbox 779 1425 851 1494; x_wconf 75' lang='grc' dir='ltr'><strong>τόδε</strong></span> <span class='ocrx_word' id='word_1_76' title='bbox 866 1433 1001 1511; x_wconf 77' lang='grc' dir='ltr'><strong>κάλλιον,</strong></span> <span class='ocrx_word' id='word_1_77' title='bbox 1018 1424 1088 1494; x_wconf 74' lang='grc' dir='ltr'><strong>οὐδὲ</strong></span> <span class='ocrx_word' id='word_1_78' title='bbox 1104 1435 1209 1509; x_wconf 78' lang='grc' dir='ltr'><strong>ἔοικεν,</strong></span> 
     </span>
    </p>

    <p class='ocr_par' dir='ltr' id='par_1_5' title="bbox 282 1533 1355 1952">
     <span class='ocr_line' id='line_1_11' title="bbox 438 1533 1220 1628; baseline 0 -24"><span class='ocrx_word' id='word_1_79' title='bbox 438 1539 532 1620; x_wconf 77' lang='grc' dir='ltr'><strong>ξεῖνον</strong></span> <span class='ocrx_word' id='word_1_80' title='bbox 549 1540 605 1627; x_wconf 84' lang='grc' dir='ltr'>μὲν</span> <span class='ocrx_word' id='word_1_81' title='bbox 620 1543 717 1628; x_wconf 92' lang='grc' dir='ltr'><strong>χαμαὶ</strong></span> <span class='ocrx_word' id='word_1_82' title='bbox 733 1533 820 1611; x_wconf 75' lang='grc' dir='ltr'><strong>ἧσθαι</strong></span> <span class='ocrx_word' id='word_1_83' title='bbox 836 1543 879 1604; x_wconf 86' lang='grc' dir='ltr'>ἐπ’</span> <span class='ocrx_word' id='word_1_84' title='bbox 901 1543 1013 1628; x_wconf 78' lang='grc' dir='ltr'><strong>ἐσχάρῃ</strong></span> <span class='ocrx_word' id='word_1_85' title='bbox 1030 1545 1062 1604; x_wconf 87' lang='grc' dir='ltr'>ἐν</span> <span class='ocrx_word' id='word_1_86' title='bbox 1077 1541 1220 1622; x_wconf 71' lang='grc' dir='ltr'><strong>κονίῃσιν.</strong></span> 
     </span>
     <span class='ocr_line' id='line_1_12' title="bbox 282 1653 1355 1733; baseline -0.001 -22"><span class='ocrx_word' id='word_1_87' title='bbox 282 1667 284 1672; x_wconf 88' lang='grc'><strong><em>·</em></strong></span> <span class='ocrx_word' id='word_1_88' title='bbox 349 1653 430 1727; x_wconf 78' lang='lat' dir='ltr'>Quin</span> <span class='ocrx_word' id='word_1_89' title='bbox 456 1656 545 1712; x_wconf 91' lang='lat' dir='ltr'>etiam</span> <span class='ocrx_word' id='word_1_90' title='bbox 566 1654 692 1733; x_wconf 84' lang='lat' dir='ltr'>publicis</span> <span class='ocrx_word' id='word_1_91' title='bbox 724 1654 858 1713; x_wconf 84' lang='lat' dir='ltr'>domibus</span> <span class='ocrx_word' id='word_1_92' title='bbox 881 1654 989 1714; x_wconf 86' lang='lat' dir='ltr'>Graeci</span> <span class='ocrx_word' id='word_1_93' title='bbox 1014 1662 1111 1713; x_wconf 91' lang='lat' dir='ltr'>aetate</span> <span class='ocrx_word' id='word_1_94' title='bbox 1136 1655 1284 1712; x_wconf 87' lang='lat' dir='ltr'>homerica</span> <span class='ocrx_word' id='word_1_95' title='bbox 1310 1655 1355 1711; x_wconf 92' lang='lat' dir='ltr'>usi</span> 
     </span>
     <span class='ocr_line' id='line_1_13' title="bbox 287 1763 1354 1843; baseline 0.001 -23"><span class='ocrx_word' id='word_1_96' title='bbox 287 1771 364 1837; x_wconf 88' lang='lat' dir='ltr'>sunt,</span> <span class='ocrx_word' id='word_1_97' title='bbox 386 1764 418 1822; x_wconf 90' lang='lat' dir='ltr'>in</span> <span class='ocrx_word' id='word_1_98' title='bbox 438 1763 543 1842; x_wconf 91' lang='lat' dir='ltr'>quibus</span> <span class='ocrx_word' id='word_1_99' title='bbox 562 1765 692 1843; x_wconf 83' lang='lat' dir='ltr'>hospites</span> <span class='ocrx_word' id='word_1_100' title='bbox 722 1763 953 1842; x_wconf 87' lang='lat' dir='ltr'>excipiebantur.</span> <span class='ocrx_word' id='word_1_101' title='bbox 997 1763 1151 1822; x_wconf 87' lang='lat' dir='ltr'>Melantho</span> <span class='ocrx_word' id='word_1_102' title='bbox 1171 1763 1290 1843; x_wconf 88' lang='lat' dir='ltr'>quidem</span> <span class='ocrx_word' id='word_1_103' title='bbox 1311 1764 1354 1821; x_wconf 91' lang='lat' dir='ltr'>in·</span> 
     </span>
     <span class='ocr_line' id='line_1_14' title="bbox 287 1873 1181 1952; baseline -0.002 -20"><span class='ocrx_word' id='word_1_104' title='bbox 287 1873 375 1932; x_wconf 87' lang='lat' dir='ltr'>famis</span> <span class='ocrx_word' id='word_1_105' title='bbox 389 1874 442 1931; x_wconf 91' lang='lat' dir='ltr'>illa</span> <span class='ocrx_word' id='word_1_106' title='bbox 456 1873 623 1952; x_wconf 87' lang='lat' dir='ltr'>Penelopae</span> <span class='ocrx_word' id='word_1_107' title='bbox 639 1894 724 1933; x_wconf 89' lang='lat' dir='ltr'>serva</span> <span class='ocrx_word' id='word_1_108' title='bbox 739 1874 822 1933; x_wconf 85' lang='lat' dir='ltr'>Ulixi</span> <span class='ocrx_word' id='word_1_109' title='bbox 838 1875 911 1932; x_wconf 89' lang='lat' dir='ltr'>haec</span> <span class='ocrx_word' id='word_1_110' title='bbox 926 1873 1001 1931; x_wconf 90' lang='lat' dir='ltr'>dixit</span> <span class='ocrx_word' id='word_1_111' title='bbox 1016 1893 1034 1932; x_wconf 93' lang='grc' dir='ltr'><strong>σ</strong></span> <span class='ocrx_word' id='word_1_112' title='bbox 1050 1875 1111 1931; x_wconf 79' lang='lat'>327</span> <span class='ocrx_word' id='word_1_113' title='bbox 1127 1892 1181 1950; x_wconf 86' lang='lat' dir='ltr'>sqq</span> 
     </span>
    </p>

    <p class='ocr_par' dir='ltr' id='par_1_6' title="bbox 440 1975 1298 2067">
     <span class='ocr_line' id='line_1_15' title="bbox 440 1975 1298 2067; baseline -0.002 -25"><span class='ocrx_word' id='word_1_114' title='bbox 440 1975 518 2054; x_wconf 78' lang='grc' dir='ltr'><strong>ξεῖνε</strong></span> <span class='ocrx_word' id='word_1_115' title='bbox 532 1982 641 2059; x_wconf 77' lang='grc' dir='ltr'><strong>τάλαν,</strong></span> <span class='ocrx_word' id='word_1_116' title='bbox 657 1982 692 2042; x_wconf 85' lang='grc' dir='ltr'>σό</span> <span class='ocrx_word' id='word_1_117' title='bbox 706 1979 743 2067; x_wconf 78' lang='grc' dir='ltr'>γέ</span> <span class='ocrx_word' id='word_1_118' title='bbox 757 2005 803 2054; x_wconf 86' lang='grc' dir='ltr'>τις</span> <span class='ocrx_word' id='word_1_119' title='bbox 818 1983 925 2066; x_wconf 81' lang='grc' dir='ltr'><strong>φρένας</strong></span> <span class='ocrx_word' id='word_1_120' title='bbox 940 1978 1211 2066; x_wconf 79' lang='grc' dir='ltr'><strong>ἐκπεπαταγμένος</strong></span> <span class='ocrx_word' id='word_1_121' title='bbox 1226 1980 1298 2057; x_wconf 86' lang='grc' dir='ltr'><strong>ἐσσί,</strong></span> 
     </span>
    </p>

    <p class='ocr_par' dir='ltr' id='par_1_7' title="bbox 440 2082 1167 2176">
     <span class='ocr_line' id='line_1_16' title="bbox 440 2082 1167 2176; baseline -0.001 -25"><span class='ocrx_word' id='word_1_122' title='bbox 440 2082 501 2151; x_wconf 80' lang='grc' dir='ltr'><strong>οὐδ’</strong></span> <span class='ocrx_word' id='word_1_123' title='bbox 521 2088 631 2162; x_wconf 79' lang='grc' dir='ltr'><strong>ἐθέλεις</strong></span> <span class='ocrx_word' id='word_1_124' title='bbox 646 2082 740 2152; x_wconf 75' lang='grc' dir='ltr'><strong>εὕδειν</strong></span> <span class='ocrx_word' id='word_1_125' title='bbox 755 2089 900 2176; x_wconf 75' lang='grc' dir='ltr'><strong>χαλκήιον</strong></span> <span class='ocrx_word' id='word_1_126' title='bbox 915 2091 946 2163; x_wconf 87' lang='grc' dir='ltr'>ἐς</span> <span class='ocrx_word' id='word_1_127' title='bbox 961 2082 1055 2175; x_wconf 73' lang='grc' dir='ltr'><strong>δόμον</strong></span> <span class='ocrx_word' id='word_1_128' title='bbox 1071 2086 1167 2152; x_wconf 81' lang='grc' dir='ltr'><strong>ἐλθών</strong></span> 
     </span>
    </p>

    <p class='ocr_par' dir='ltr' id='par_1_8' title="bbox 439 2198 805 2284">
     <span class='ocr_line' id='line_1_17' title="bbox 439 2198 805 2284; baseline 0.005 -23"><span class='ocrx_word' id='word_1_129' title='bbox 439 2198 476 2268; x_wconf 76' lang='grc' dir='ltr'>ἠέ</span> <span class='ocrx_word' id='word_1_130' title='bbox 491 2222 549 2262; x_wconf 92' lang='grc' dir='ltr'>που</span> <span class='ocrx_word' id='word_1_131' title='bbox 566 2203 595 2272; x_wconf 88' lang='grc' dir='ltr'>ἐς</span> <span class='ocrx_word' id='word_1_132' title='bbox 610 2198 721 2284; x_wconf 73' lang='grc' dir='ltr'><strong>λέσχην</strong></span> <span class='ocrx_word' id='word_1_133' title='bbox 736 2203 805 2263; x_wconf 88' lang='grc' dir='ltr'><strong>κτλ.</strong></span> 
     </span>
    </p>

    <p class='ocr_par' dir='ltr' id='par_1_9' title="bbox 291 2312 1360 2938">
     <span class='ocr_line' id='line_1_18' title="bbox 352 2312 1357 2390; baseline -0.002 -20"><span class='ocrx_word' id='word_1_134' title='bbox 352 2312 483 2390; x_wconf 88' lang='lat' dir='ltr'>Hospitii</span> <span class='ocrx_word' id='word_1_135' title='bbox 509 2320 608 2370; x_wconf 89' lang='lat' dir='ltr'>autem</span> <span class='ocrx_word' id='word_1_136' title='bbox 640 2312 762 2370; x_wconf 86' lang='lat' dir='ltr'>vincula</span> <span class='ocrx_word' id='word_1_137' title='bbox 788 2333 854 2370; x_wconf 88' lang='lat' dir='ltr'>cum</span> <span class='ocrx_word' id='word_1_138' title='bbox 881 2313 1044 2370; x_wconf 88' lang='lat' dir='ltr'>arctissima</span> <span class='ocrx_word' id='word_1_139' title='bbox 1070 2320 1181 2385; x_wconf 88' lang='lat' dir='ltr'>essent,</span> <span class='ocrx_word' id='word_1_140' title='bbox 1213 2312 1277 2370; x_wconf 90' lang='lat' dir='ltr'>fieri</span> <span class='ocrx_word' id='word_1_141' title='bbox 1296 2332 1357 2369; x_wconf 92' lang='lat' dir='ltr'>non</span> 
     </span>
     <span class='ocr_line' id='line_1_19' title="bbox 291 2420 1357 2499; baseline 0 -21"><span class='ocrx_word' id='word_1_142' title='bbox 291 2422 395 2499; x_wconf 91' lang='lat' dir='ltr'>potuit,</span> <span class='ocrx_word' id='word_1_143' title='bbox 415 2422 487 2499; x_wconf 90' lang='lat' dir='ltr'>quin</span> <span class='ocrx_word' id='word_1_144' title='bbox 507 2422 613 2479; x_wconf 88' lang='lat' dir='ltr'>summi</span> <span class='ocrx_word' id='word_1_145' title='bbox 633 2421 818 2480; x_wconf 89' lang='lat' dir='ltr'>haberentur.</span> <span class='ocrx_word' id='word_1_146' title='bbox 863 2420 930 2494; x_wconf 81' lang='lat' dir='ltr'>Quo</span> <span class='ocrx_word' id='word_1_147' title='bbox 950 2422 1130 2494; x_wconf 84' lang='lat' dir='ltr'>factumest,</span> <span class='ocrx_word' id='word_1_148' title='bbox 1150 2429 1184 2479; x_wconf 88' lang='lat' dir='ltr'>ut</span> <span class='ocrx_word' id='word_1_149' title='bbox 1197 2421 1357 2499; x_wconf 88' lang='lat' dir='ltr'>hospitium</span> 
     </span>
     <span class='ocr_line' id='line_1_20' title="bbox 291 2526 1360 2609; baseline -0.004 -19"><span class='ocrx_word' id='word_1_150' title='bbox 291 2539 441 2609; x_wconf 87' lang='lat' dir='ltr'>tamquam</span> <span class='ocrx_word' id='word_1_151' title='bbox 467 2530 629 2589; x_wconf 88' lang='lat' dir='ltr'>hereditate</span> <span class='ocrx_word' id='word_1_152' title='bbox 654 2531 715 2590; x_wconf 90' lang='lat' dir='ltr'>filio</span> <span class='ocrx_word' id='word_1_153' title='bbox 741 2531 901 2589; x_wconf 87' lang='lat' dir='ltr'>obveniret.</span> <span class='ocrx_word' id='word_1_154' title='bbox 951 2530 1043 2589; x_wconf 92' lang='lat' dir='ltr'>Velut</span> <span class='ocrx_word' id='word_1_155' title='bbox 1064 2526 1090 2589; x_wconf 91' lang='lat' dir='ltr'>Z</span> <span class='ocrx_word' id='word_1_156' title='bbox 1113 2533 1174 2590; x_wconf 79' lang='lat'>230</span> <span class='ocrx_word' id='word_1_157' title='bbox 1197 2551 1251 2609; x_wconf 90' lang='lat' dir='ltr'>sqq</span> <span class='ocrx_word' id='word_1_158' title='bbox 1272 2538 1360 2608; x_wconf 88' lang='lat' dir='ltr'>poeta</span> 
     </span>
     <span class='ocr_line' id='line_1_21' title="bbox 291 2639 1360 2719; baseline -0.003 -21"><span class='ocrx_word' id='word_1_159' title='bbox 291 2639 376 2698; x_wconf 87' lang='lat' dir='ltr'>nobis</span> <span class='ocrx_word' id='word_1_160' title='bbox 397 2639 495 2713; x_wconf 84' lang='lat' dir='ltr'>tradit,</span> <span class='ocrx_word' id='word_1_161' title='bbox 520 2639 695 2699; x_wconf 90' lang='lat' dir='ltr'>Diomedem</span> <span class='ocrx_word' id='word_1_162' title='bbox 711 2647 740 2699; x_wconf 98' lang='lat' dir='ltr'>et</span> <span class='ocrx_word' id='word_1_163' title='bbox 755 2639 903 2699; x_wconf 85' lang='lat' dir='ltr'>Glaucum</span> <span class='ocrx_word' id='word_1_164' title='bbox 917 2660 976 2697; x_wconf 92' lang='lat' dir='ltr'>non</span> <span class='ocrx_word' id='word_1_165' title='bbox 999 2642 1076 2700; x_wconf 91' lang='lat' dir='ltr'>inter</span> <span class='ocrx_word' id='word_1_166' title='bbox 1098 2661 1128 2701; x_wconf 91' lang='lat' dir='ltr'>se</span> <span class='ocrx_word' id='word_1_167' title='bbox 1142 2659 1290 2719; x_wconf 85' lang='lat' dir='ltr'>pugnasse</span> <span class='ocrx_word' id='word_1_168' title='bbox 1309 2639 1360 2696; x_wconf 88' lang='lat' dir='ltr'>scd</span> 
     </span>
     <span class='ocr_line' id='line_1_22' title="bbox 292 2749 1360 2828; baseline -0.002 -20"><span class='ocrx_word' id='word_1_169' title='bbox 292 2770 375 2808; x_wconf 86' lang='lat' dir='ltr'>arma</span> <span class='ocrx_word' id='word_1_170' title='bbox 388 2758 577 2828; x_wconf 88' lang='lat' dir='ltr'>permutasse,</span> <span class='ocrx_word' id='word_1_171' title='bbox 593 2751 663 2828; x_wconf 91' lang='lat' dir='ltr'>quia</span> <span class='ocrx_word' id='word_1_172' title='bbox 677 2751 766 2828; x_wconf 90' lang='lat' dir='ltr'>patrii</span> <span class='ocrx_word' id='word_1_173' title='bbox 779 2750 909 2827; x_wconf 88' lang='lat' dir='ltr'>hospites</span> <span class='ocrx_word' id='word_1_174' title='bbox 924 2749 1055 2808; x_wconf 88' lang='lat' dir='ltr'>fuissent.</span> <span class='ocrx_word' id='word_1_175' title='bbox 1082 2749 1242 2809; x_wconf 86' lang='lat' dir='ltr'>Diomedes</span> <span class='ocrx_word' id='word_1_176' title='bbox 1261 2757 1360 2807; x_wconf 90' lang='lat' dir='ltr'>autem</span> 
     </span>
     <span class='ocr_line' id='line_1_23' title="bbox 292 2853 1162 2938; baseline 0 -20"><span class='ocrx_word' id='word_1_177' title='bbox 292 2860 355 2938; x_wconf 85' lang='lat' dir='ltr'>ipse</span> <span class='ocrx_word' id='word_1_178' title='bbox 371 2859 410 2918; x_wconf 89' lang='lat' dir='ltr'>ad</span> <span class='ocrx_word' id='word_1_179' title='bbox 424 2880 507 2918; x_wconf 88' lang='lat' dir='ltr'>arma</span> <span class='ocrx_word' id='word_1_180' title='bbox 522 2858 665 2918; x_wconf 87' lang='lat' dir='ltr'>mutanda</span> <span class='ocrx_word' id='word_1_181' title='bbox 679 2859 726 2918; x_wconf 90' lang='lat' dir='ltr'>his</span> <span class='ocrx_word' id='word_1_182' title='bbox 741 2856 839 2918; x_wconf 87' lang='lat' dir='ltr'>verbis</span> <span class='ocrx_word' id='word_1_183' title='bbox 854 2859 996 2917; x_wconf 88' lang='lat' dir='ltr'>excitavit</span> <span class='ocrx_word' id='word_1_184' title='bbox 1010 2853 1035 2916; x_wconf 94' lang='lat' dir='ltr'>Z</span> <span class='ocrx_word' id='word_1_185' title='bbox 1051 2862 1113 2918; x_wconf 82' lang='lat'>230</span> <span class='ocrx_word' id='word_1_186' title='bbox 1128 2880 1162 2938; x_wconf 88' lang='lat' dir='ltr'>sq</span> 
     </span>
    </p>

    <p class='ocr_par' dir='ltr' id='par_1_10' title="bbox 444 2956 1220 3162">
     <span class='ocr_line' id='line_1_24' title="bbox 444 2956 1220 3052; baseline 0.001 -25"><span class='ocrx_word' id='word_1_187' title='bbox 444 2966 555 3052; x_wconf 85' lang='grc' dir='ltr'><strong>τεύχεα</strong></span> <span class='ocrx_word' id='word_1_188' title='bbox 570 2959 595 3028; x_wconf 80' lang='lat' dir='ltr'>d&#39;</span> <span class='ocrx_word' id='word_1_189' title='bbox 613 2969 756 3039; x_wconf 81' lang='grc' dir='ltr'><strong>ἀλλήλοις</strong></span> <span class='ocrx_word' id='word_1_190' title='bbox 770 2963 984 3051; x_wconf 77' lang='grc' dir='ltr'><strong>ἐπαμείψομεν,</strong></span> <span class='ocrx_word' id='word_1_191' title='bbox 1000 2964 1077 3051; x_wconf 80' lang='grc' dir='ltr'><strong>όφρα</strong></span> <span class='ocrx_word' id='word_1_192' title='bbox 1091 2967 1143 3028; x_wconf 86' lang='grc' dir='ltr'>καὶ</span> <span class='ocrx_word' id='word_1_193' title='bbox 1159 2956 1220 3028; x_wconf 80' lang='grc' dir='ltr'><strong>οἵδε</strong></span> 
     </span>
     <span class='ocr_line' id='line_1_25' title="bbox 445 3073 1141 3162; baseline 0.006 -28"><span class='ocrx_word' id='word_1_194' title='bbox 445 3081 556 3160; x_wconf 79' lang='grc' dir='ltr'><strong>γνῶσιν</strong></span> <span class='ocrx_word' id='word_1_195' title='bbox 573 3075 622 3138; x_wconf 90' lang='grc' dir='ltr'>ότι</span> <span class='ocrx_word' id='word_1_196' title='bbox 638 3073 726 3156; x_wconf 74' lang='grc' dir='ltr'><strong>ξεῖνοι</strong></span> <span class='ocrx_word' id='word_1_197' title='bbox 742 3074 890 3160; x_wconf 85' lang='grc' dir='ltr'><strong>πατρώιοι</strong></span> <span class='ocrx_word' id='word_1_198' title='bbox 905 3075 1038 3162; x_wconf 83' lang='grc' dir='ltr'><strong>εὐχόμεθ’</strong></span> <span class='ocrx_word' id='word_1_199' title='bbox 1058 3073 1141 3140; x_wconf 83' lang='grc' dir='ltr'><strong>εἶναι.</strong></span> 
     </span>
    </p>

    <p class='ocr_par' dir='ltr' id='par_1_11' title="bbox 293 3189 1361 3376">
     <span class='ocr_line' id='line_1_26' title="bbox 356 3189 1361 3266; baseline 0 -20"><span class='ocrx_word' id='word_1_200' title='bbox 356 3189 493 3248; x_wconf 78' lang='lat' dir='ltr'>Minerva</span> <span class='ocrx_word' id='word_1_201' title='bbox 521 3207 636 3266; x_wconf 90' lang='lat' dir='ltr'>quoque</span> <span class='ocrx_word' id='word_1_202' title='bbox 667 3208 734 3246; x_wconf 92' lang='lat' dir='ltr'>cum</span> <span class='ocrx_word' id='word_1_203' title='bbox 749 3190 881 3248; x_wconf 88' lang='lat' dir='ltr'>Mentem</span> <span class='ocrx_word' id='word_1_204' title='bbox 907 3207 937 3246; x_wconf 88' lang='lat' dir='ltr'>se</span> <span class='ocrx_word' id='word_1_205' title='bbox 961 3206 1024 3248; x_wconf 86' lang='lat' dir='ltr'>esse</span> <span class='ocrx_word' id='word_1_206' title='bbox 1045 3189 1169 3264; x_wconf 84' lang='lat' dir='ltr'>fingeret</span> <span class='ocrx_word' id='word_1_207' title='bbox 1189 3189 1303 3260; x_wconf 86' lang='lat' dir='ltr'>attulit,</span> <span class='ocrx_word' id='word_1_208' title='bbox 1332 3208 1361 3246; x_wconf 90' lang='lat' dir='ltr'>se</span> 
     </span>
     <span class='ocr_line' id='line_1_27' title="bbox 293 3297 972 3376; baseline -0.001 -19"><span class='ocrx_word' id='word_1_209' title='bbox 293 3298 456 3376; x_wconf 88' lang='lat' dir='ltr'>antiquitus</span> <span class='ocrx_word' id='word_1_210' title='bbox 470 3297 569 3356; x_wconf 87' lang='lat' dir='ltr'>Ulixis</span> <span class='ocrx_word' id='word_1_211' title='bbox 583 3298 728 3376; x_wconf 84' lang='lat' dir='ltr'>hospitem</span> <span class='ocrx_word' id='word_1_212' title='bbox 743 3317 805 3356; x_wconf 87' lang='lat' dir='ltr'>esse</span> <span class='ocrx_word' id='word_1_213' title='bbox 820 3299 857 3356; x_wconf 85' lang='lat' dir='ltr'>cf.</span> <span class='ocrx_word' id='word_1_214' title='bbox 875 3318 895 3356; x_wconf 96' lang='grc' dir='ltr'><strong>α</strong></span> <span class='ocrx_word' id='word_1_215' title='bbox 912 3300 972 3357; x_wconf 82' lang='grc'>187</span> 
     </span>
    </p>

    <p class='ocr_par' dir='ltr' id='par_1_12' title="bbox 446 3396 1160 3602">
     <span class='ocr_line' id='line_1_28' title="bbox 446 3396 1160 3491; baseline 0 -25"><span class='ocrx_word' id='word_1_216' title='bbox 446 3400 536 3483; x_wconf 79' lang='grc' dir='ltr'><strong>ξεῖνοι</strong></span> <span class='ocrx_word' id='word_1_217' title='bbox 552 3396 582 3465; x_wconf 75' lang='grc' dir='ltr'>δ’.</span> <span class='ocrx_word' id='word_1_218' title='bbox 595 3405 741 3473; x_wconf 76' lang='grc' dir='ltr'><strong>ἀλλήλων</strong></span> <span class='ocrx_word' id='word_1_219' title='bbox 756 3403 903 3488; x_wconf 80' lang='grc' dir='ltr'><strong>πατρώιοι</strong></span> <span class='ocrx_word' id='word_1_220' title='bbox 933 3405 1067 3491; x_wconf 86' lang='grc' dir='ltr'><strong>εὐχόμεθ’</strong></span> <span class='ocrx_word' id='word_1_221' title='bbox 1086 3403 1160 3468; x_wconf 83' lang='grc' dir='ltr'><strong>εἶναι</strong></span> 
     </span>
     <span class='ocr_line' id='line_1_29' title="bbox 446 3510 939 3602; baseline -0.004 -26"><span class='ocrx_word' id='word_1_222' title='bbox 446 3510 481 3592; x_wconf 78' lang='grc' dir='ltr'>ἐξ</span> <span class='ocrx_word' id='word_1_223' title='bbox 496 3515 586 3598; x_wconf 74' lang='grc' dir='ltr'><strong>ἀρχῆς</strong></span> <span class='ocrx_word' id='word_1_224' title='bbox 601 3516 669 3576; x_wconf 95' lang='grc' dir='ltr'><strong>κτλ.</strong></span> <span class='ocrx_word' id='word_1_225' title='bbox 936 3596 939 3602; x_wconf 21' lang='grc' dir='ltr'>Ι</span> 
     </span>
    </p>

    <p class='ocr_par' dir='ltr' id='par_1_13' title="bbox 360 3625 1364 3705">
     <span class='ocr_line' id='line_1_30' title="bbox 360 3625 1364 3705; baseline -0.002 -19"><span class='ocrx_word' id='word_1_226' title='bbox 360 3627 435 3686; x_wconf 82' lang='lat' dir='ltr'>Cum</span> <span class='ocrx_word' id='word_1_227' title='bbox 459 3634 557 3684; x_wconf 89' lang='lat' dir='ltr'>autem</span> <span class='ocrx_word' id='word_1_228' title='bbox 584 3627 635 3704; x_wconf 91' lang='lat' dir='ltr'>qui</span> <span class='ocrx_word' id='word_1_229' title='bbox 656 3626 782 3705; x_wconf 84' lang='lat' dir='ltr'>hospitio</span> <span class='ocrx_word' id='word_1_230' title='bbox 808 3635 870 3685; x_wconf 90' lang='lat' dir='ltr'>erat</span> <span class='ocrx_word' id='word_1_231' title='bbox 895 3627 1067 3686; x_wconf 87' lang='lat' dir='ltr'>coniunctus</span> <span class='ocrx_word' id='word_1_232' title='bbox 1090 3636 1191 3705; x_wconf 88' lang='lat' dir='ltr'>captus</span> <span class='ocrx_word' id='word_1_233' title='bbox 1211 3635 1303 3700; x_wconf 86' lang='lat' dir='ltr'>esset,</span> <span class='ocrx_word' id='word_1_234' title='bbox 1326 3625 1364 3686; x_wconf 87' lang='lat' dir='ltr'>ab</span> 
     </span>
    </p>

    <p class='ocr_par' dir='ltr' id='par_1_14' title="bbox 299 3731 754 3812">
     <span class='ocr_line' id='line_1_31' title="bbox 299 3731 754 3812; baseline 0.007 -22"><span class='ocrx_word' id='word_1_235' title='bbox 299 3734 413 3812; x_wconf 87' lang='lat' dir='ltr'>hospite</span> <span class='ocrx_word' id='word_1_236' title='bbox 429 3734 596 3793; x_wconf 88' lang='lat' dir='ltr'>solvebatur</span> <span class='ocrx_word' id='word_1_237' title='bbox 611 3735 648 3793; x_wconf 87' lang='lat' dir='ltr'>cf.</span> <span class='ocrx_word' id='word_1_238' title='bbox 666 3731 699 3793; x_wconf 87' lang='grc' dir='ltr'>Φ</span> <span class='ocrx_word' id='word_1_239' title='bbox 715 3737 754 3793; x_wconf 81' lang='grc'>42</span> 
     </span>
    </p>
   </div>
   <div class='ocr_carea' id='block_1_2' title="bbox 361 3831 1366 4035">
    <p class='ocr_par' dir='ltr' id='par_1_15' title="bbox 361 3831 1366 4035">
     <span class='ocr_line' id='line_1_32' title="bbox 449 3831 1206 3929; baseline 0.008 -27"><span class='ocrx_word' id='word_1_240' title='bbox 449 3839 541 3902; x_wconf 82' lang='grc' dir='ltr'><strong>κεῖθεν</strong></span> <span class='ocrx_word' id='word_1_241' title='bbox 558 3831 593 3903; x_wconf 73' lang='grc' dir='ltr'>δὲ</span> <span class='ocrx_word' id='word_1_242' title='bbox 608 3839 701 3920; x_wconf 78' lang='grc' dir='ltr'><strong>ξεῖνός</strong></span> <span class='ocrx_word' id='word_1_243' title='bbox 716 3866 764 3929; x_wconf 69' lang='grc' dir='ltr'>μιν</span> <span class='ocrx_word' id='word_1_244' title='bbox 780 3843 923 3922; x_wconf 77' lang='grc' dir='ltr'><strong>ἐλύσατο,</strong></span> <span class='ocrx_word' id='word_1_245' title='bbox 938 3842 1041 3904; x_wconf 80' lang='grc' dir='ltr'><strong>πολλὰ</strong></span> <span class='ocrx_word' id='word_1_246' title='bbox 1057 3835 1082 3903; x_wconf 65' lang='grc' dir='ltr'><strong>θ</strong></span> <span class='ocrx_word' id='word_1_247' title='bbox 1104 3832 1206 3908; x_wconf 74' lang='grc' dir='ltr'><strong>ἔδωκε.</strong></span> 
     </span>
     <span class='ocr_line' id='line_1_33' title="bbox 361 3949 1366 4035; baseline 0.005 -26"><span class='ocrx_word' id='word_1_248' title='bbox 361 3949 433 4009; x_wconf 86' lang='lat' dir='ltr'>Jam</span> <span class='ocrx_word' id='word_1_249' title='bbox 453 3970 522 4008; x_wconf 88' lang='lat' dir='ltr'>vero</span> <span class='ocrx_word' id='word_1_250' title='bbox 542 3952 698 4027; x_wconf 87' lang='lat' dir='ltr'>addamus,</span> <span class='ocrx_word' id='word_1_251' title='bbox 720 3954 863 4032; x_wconf 89' lang='lat' dir='ltr'>quidnam</span> <span class='ocrx_word' id='word_1_252' title='bbox 887 3955 1018 4014; x_wconf 90' lang='lat' dir='ltr'>homines</span> <span class='ocrx_word' id='word_1_253' title='bbox 1039 3956 1157 4014; x_wconf 82' lang='lat' dir='ltr'>omnino</span> <span class='ocrx_word' id='word_1_254' title='bbox 1180 3955 1217 4015; x_wconf 89' lang='lat' dir='ltr'>de</span> <span class='ocrx_word' id='word_1_255' title='bbox 1239 3958 1366 4035; x_wconf 89' lang='lat' dir='ltr'>hospitio</span> 
     </span>
    </p>
   </div>
   <div class='ocr_carea' id='block_1_3' title="bbox 127 4338 1180 4846">
    <p class='ocr_par' dir='ltr' id='par_1_16' title="bbox 127 4135 1568 4846">
     <span class='ocr_line' id='line_1_34' title="bbox 127 4338 1180 4846; baseline 0.027 -36"><span class='ocrx_word' id='word_1_256' title='bbox 127 4805 129 4810; x_wconf 0' lang='lat' dir='ltr'> </span> <span class='ocrx_word' id='word_1_257' title='bbox 454 4338 1180 4846; x_wconf 69' lang='lat' dir='ltr'>[sn</span> 
     </span>
    </p>
   </div>
   <div class='ocr_carea' id='block_1_4' title="bbox 0 0 1614 4898">
    <p class='ocr_par' dir='ltr' id='par_1_17' title="bbox 0 0 1614 4898">
     <span class='ocr_line' id='line_1_35' title="bbox 0 0 1614 4898; baseline 0 0"><span class='ocrx_word' id='word_1_258' title='bbox 0 0 1614 4898; x_wconf 95' lang='lat' dir='ltr'> </span> 
     </span>
    </p>
   </div>
  </div>
 </body>
</html>
