3176 4898
731 311 773 377 49

220 501 407 580 Agamemno
434 501 554 581 quidem
575 509 689 575 censet,
712 501 823 560 Jovem
843 501 1022 561 iurisursndi
1043 509 1169 561 tutorem
1190 502 1286 580 ipsum

220 614 364 674 Troianos
378 632 441 674 esse
456 613 639 692 puniturum.
683 611 728 671 Of.
745 607 772 670 Δ
790 613 851 671 160
867 631 921 690 sqq

372 723 466 808 εἴπερ
482 720 539 810 γάρ
554 742 591 783 τε
605 720 657 782 καὶ
674 718 768 781 αὐτίκ’
785 717 961 803 Ὀλύμπιος
977 718 1031 781 οὐκ
1047 717 1215 797 ἐτέλεσσεν,

371 834 407 893 ἐκ
421 853 456 893 τε
471 831 524 893 καὶ
539 827 593 915 ὀψὲ
608 832 700 908 τελεῖ,
716 829 769 892 σύν
784 851 820 892 τε
836 827 961 916 μεγάλῳ
976 827 1135 910 ἀπέτισαν,

372 942 424 1003 σὺν
441 947 547 1026 σφῇσιν
562 943 712 1026 κεφαλῇσι
725 936 842 1026 γυναιξί
857 961 892 1002 τε
907 939 960 1001 καὶ
974 937 1137 1002 τεκέεσσιν.

284 1086 458 1147 Omittenda
471 1107 541 1146 vero
555 1087 608 1145 illa
623 1085 714 1145 verba
729 1095 806 1158 sunt,
821 1105 898 1164 quae
913 1081 940 1144 Δ
956 1087 1016 1144 206
1033 1106 1066 1165 sq
1080 1085 1233 1162 leguntur:

371 1193 408 1260 όν,
420 1219 466 1268 τις
481 1193 636 1267 ὀιστεύσας
651 1195 770 1275 ἔβαλεν,
786 1189 886 1272 τόξων
901 1187 935 1255 al
950 1182 1045 1268 εἰδώς,

372 1301 484 1388 Τρώων
499 1300 518 1376 ἦ
534 1302 669 1384 Λυκίων,
684 1309 731 1384 τῷ
746 1302 801 1387 μὲν
818 1303 913 1377 κλέος,
931 1301 1009 1388 ἄμμι
1024 1292 1059 1364 δὲ
1073 1300 1188 1375 πένθος.

283 1444 341 1502 His
364 1445 443 1502 enim
469 1441 567 1501 verbis
588 1432 768 1521 Talthybius
783 1441 866 1514 dixit,
893 1442 1019 1518 gloriam
1044 1441 1127 1498 illam
1149 1442 1288 1516 sagittam

220 1572 332 1631 parare,
349 1554 488 1632 quoniam
503 1553 658 1611 Menelaus
678 1554 765 1628 gravi
786 1552 910 1610 vulnere
935 1552 1010 1609 ictus
1035 1570 1097 1610 esse
1123 1549 1287 1609 videretur:

219 1683 276 1722 neo
302 1683 373 1722 vero
398 1664 440 1721 ita
465 1663 519 1720 illa
542 1662 636 1722 verba
660 1660 838 1741 explicanda
863 1669 944 1734 sunt,
976 1670 1010 1720 ut
1034 1659 1214 1739 Talthybius
1240 1660 1288 1718 vel

218 1775 315 1851 potius
334 1772 521 1849 Agamemno
540 1805 581 1814 -
605 1773 668 1832 eius
683 1773 762 1831 enim
783 1769 875 1830 verba
890 1791 995 1850 praeco
1019 1771 1287 1830 affert195-197

217 1884 430 1941 :eos-207
447 1915 487 1924 —
508 1883 627 1940 omnino
646 1883 799 1958 sagittario
821 1881 906 1940 illum
926 1883 1016 1940 ictum
1036 1881 1147 1958 gloriae
1167 1881 1286 1940 feceret.

218 1991 295 2051 Inde
310 1993 401 2068 igitur
415 1992 497 2051 nullo
513 1981 600 2051 modo
623 1999 719 2070 potest
740 1990 885 2064 concludi,
906 1991 965 2050 illis
984 1990 1164 2069 temporibus
1184 1989 1288 2049 foedus

216 2102 414 2179 interruptum
429 2123 488 2160 non
507 2101 663 2181 opprobrio
684 2121 747 2161 esse
767 2101 890 2160 factum.
935 2101 1043 2161 Statim
1064 2109 1163 2160 autem
1178 2100 1290 2159 Achivi

217 2211 248 2269 in
269 2211 413 2270 Troianos
438 2211 581 2290 impetum
605 2211 748 2271 fecerunt.
793 2211 859 2270 Nec
883 2210 1073 2288 neglegenda
1097 2199 1167 2268 sunt
1187 2208 1288 2284 verba,

219 2319 325 2398 quibus
340 2319 529 2397 Agamemno
543 2321 676 2381 Achivos
696 2321 737 2380 ad
757 2341 890 2400 pugnam
910 2321 1084 2380 adhortatus
1104 2327 1163 2379 est:
1189 2326 1290 2380 censet

217 2432 297 2489 enim
315 2431 393 2510 ipsos
415 2433 578 2510 superiores
598 2432 768 2491 decessuros
791 2452 861 2506 esse,
885 2433 956 2512 quia
969 2432 1112 2511 Juppiter
1131 2430 1289 2490 mendaces

217 2542 330 2600 nonsit
346 2541 528 2601 defensurus.
574 2541 619 2602 ef.
636 2538 663 2601 Δ
680 2543 741 2601 235
757 2561 812 2622 sqq

370 2649 404 2710 ού
420 2649 478 2736 γὰρ
495 2649 545 2711 ἐπὶ
559 2642 699 2730 ψευδέσσι
712 2649 815 2735 πατὴρ
831 2648 905 2723 Ζεὺς
919 2651 1013 2713 ἔσσετ’
1032 2651 1159 2737 ἀρωγός,

370 2758 437 2821 ἀλλ’
457 2759 551 2844 οἵπερ
567 2761 706 2846 πρότεροι
722 2759 795 2846 ὑπὲρ
811 2759 897 2847 ὅρκια
912 2739 1098 2838 1διιλιόσαντο,

370 2873 433 2930 τῶν
449 2869 517 2938 ἤτοι
533 2871 636 2933 αὐτοῖν
650 2871 759 2958 τέρενα
773 2871 850 2957 χρόα
864 2875 957 2959 γῦπες
973 2862 1104 2933 ἔδονται.

283 3007 350 3065 Ιιιιιι
364 3026 435 3066 vero
450 3007 650 3085 quaerendum
666 3017 719 3082 eet,
741 3029 839 3068 nonne
859 3009 948 3068 etiam
966 3027 1069 3067 versus
1088 3010 1288 3083 inveniantur,
1320 3025 1322 3030 ·

219 3117 326 3195 quibus
340 3116 487 3195 probetur,
509 3118 581 3196 quid
595 3118 716 3178 tandem
732 3119 854 3177 Troiam
873 3119 930 3197 ipsi
946 3118 983 3179 de
997 3119 1136 3179 Pandoro
1156 3119 1288 3179 foedere·

219 3247 276 3305 que
295 3235 382 3305 rupto
402 3229 578 3289 censuerint.
626 3230 675 3289 De
694 3229 891 3288 Troianorum
915 3237 1015 3288 autem
1038 3231 1192 3289 sententiis
1214 3229 1289 3288 nihil

220 3336 362 3395 traditum
376 3345 428 3410 est,
445 3336 498 3396 sed
518 3358 556 3398 ex
570 3340 642 3418 ipsis
656 3339 788 3398 Pandori
809 3339 907 3399 verbis
930 3338 1168 3400 concludendum
1189 3347 1242 3413 est,
1258 3359 1289 3399 se

219 3448 381 3525 poenitere,
402 3447 482 3527 quod
501 3449 533 3507 in
553 3450 723 3510 Menelaum
748 3451 887 3527 sagittam
908 3451 1061 3509 commisit.
1106 3451 1190 3510 Talis
1210 3451 1289 3508 enim

220 3577 322 3617 sensus
337 3559 369 3617 in
384 3557 481 3618 verbis
504 3578 567 3618 sese
581 3560 654 3619 mihi
673 3559 800 3633 videtur,
822 3578 897 3639 quae
913 3556 941 3618 E
958 3561 1019 3618 209
1035 3579 1070 3638 sq
1084 3560 1289 3620 inveniuntur:

373 3671 419 3746 τῷ
434 3668 471 3752 ῥα
485 3672 567 3748 κακῇ
583 3669 654 3748 αἴσῃ
670 3667 732 3730 ἀπό
748 3668 907 3729 πασσάλου
923 3665 1044 3752 ἀγκύλα
1060 3662 1138 3746 τόξα

374 3774 471 3859 ἤματι
484 3781 531 3858 τῷ
546 3777 670 3864 ἑλόμην.

289 3911 373 3986 Quae
401 3934 467 3973 curn
499 3917 541 3974 ita
565 3935 627 3976 sese
652 3916 781 3976 habeant
809 3949 851 3958 —
884 3914 1044 3976 Antenoris
1065 3937 1183 3997 quoque
1201 3917 1293 3978 verba

225 4021 324 4080 afferri
340 4033 470 4101 possunt,
486 4045 562 4105 quae
577 4022 607 4088 H
624 4029 682 4087 351
696 4021 733 4107 ¹sq
750 4028 903 4104 legunturr

1071 4145 1074 4148 -
1127 4129 1140 4166 ι
