3176 4898
667 261 706 325 51

150 453 252 512 uxoris
267 471 357 512 causa
370 449 547 522 laederetur,
565 451 608 510 illi
624 450 734 509 auxilio
749 451 893 509 venirent.
939 451 1044 510 Liceat
1058 461 1087 510 et
1102 450 1224 531 Apollo·

151 564 217 622 dori
246 570 276 621 et
305 562 473 620 Pausaniae
502 560 606 634 verba,
638 580 713 641 quae
743 560 761 620 l.
789 562 807 620 l.
838 555 992 637 leguntur,
1022 562 1071 620 bic
1100 561 1224 622 addere:

150 661 348 747 (Ὀδυσσεὺς)
370 667 490 740 πάντας
512 664 592 731 εἶπεν
616 665 767 752 ἐξορκίσαι
785 669 856 740 τοὺς
871 677 1044 754 μνηστῆρας
1059 668 1224 749 βοηθήσειν,

151 779 206 842 ἐάν
233 779 249 841 ὁ
271 777 434 863 προκριθεὶς
456 777 578 862 νύμριος
599 777 645 839 ὕπ’
672 777 768 838 ἄλλου
797 778 877 851 τινὸς
903 770 1049 849 ἀδικῆται
1074 781 1142 865 περὶ
1168 781 1224 842 τὸν

151 887 264 976 γάμον.
300 891 464 948 Pausanias
486 898 584 950 autem
609 892 681 948 baec
703 891 835 968 scripsit:
862 880 1039 972 Τυνδάρεως
1057 889 1116 976 γοὶρ
1135 887 1226 963 θύσας

151 1001 243 1060 ἵππον
255 995 462 1070 τοὺςἙλένης
473 994 607 1081 ἐξώρκου
620 1007 801 1084 μνηστῆρας,
817 993 903 1070 ἱστὰς
918 998 968 1060 ἐπὶ
982 1003 1039 1059 τοῦ
1054 999 1145 1060 ἵππου
1161 1005 1225 1062 τῶν

154 1107 284 1196 τομίων·
302 1107 317 1168 ὁ
334 1099 369 1168 δὲ
385 1107 470 1192 ὅρκος
485 1102 521 1177 ἦν
536 1105 650 1190 Ἑλένη
668 1108 719 1170 καὶ
733 1113 779 1188 τῷ
790 1115 887 1193 χῆμαι
898 1107 1225 1192 προκριθέντιἙλένην

155 1217 279 1303 ἀμύνειν
292 1209 508 1299 ἀδικουμένοις.
531 1218 594 1278 Alii
606 1227 704 1278 autem
716 1220 863 1296 dixerunt,
876 1219 1132 1298 Agamemnonem
1150 1221 1227 1281 illud

157 1332 312 1408 imperium
335 1328 391 1387 sibi
410 1349 528 1407 parasse
552 1349 586 1388 eo
610 1329 689 1408 quod
715 1331 844 1388 maxima
869 1329 1001 1406 potentia
1025 1332 1104 1390 inter
1127 1352 1228 1392 omnes

157 1441 288 1500 Graecos
301 1440 328 1497 ei
339 1448 409 1498 erat.
443 1438 540 1512 Quam
551 1438 670 1516 quidem
684 1441 858 1498 sententiam
870 1439 1062 1518 Thucydides
1074 1442 1228 1519 amplexus

157 1559 208 1623 est,
225 1551 277 1628 qui
293 1552 324 1608 in
342 1550 427 1626 primi
443 1549 511 1607 libri
526 1570 550 1607 c.
568 1553 586 1607 9
603 1550 675 1607 haec
692 1549 793 1608 habet:
805 1546 1012 1632 Ἀγαμέμνων
1027 1569 1063 1610 τε
1079 1569 1130 1632 μοι
1144 1542 1230 1612 δοκεῖ

156 1664 219 1720 τῶν
244 1657 321 1720 τότε
343 1647 469 1742 δυνάμει
491 1655 645 1740 προῦχων,
674 1657 725 1718 καὶ
747 1657 781 1719 οὐ
803 1661 954 1718 τοσοῦτον
977 1666 1041 1730 τοῖς
1059 1647 1226 1745 ΙΤυνδάρεω

156 1767 254 1854 ὅρκοις
265 1766 527 1851 κατειλημμένους
537 1767 607 1838 τοὺς
618 1765 746 1838 Ἑλένης
758 1774 931 1852 μνηστῆρας
943 1765 1036 1853 ἄγων,
1048 1768 1104 1832 τὸν
1116 1768 1227 1832 στόλον

159 1883 288 1966 αγεῖραι·
310 1878 416 1958 quibus
430 1879 549 1958 quidem
565 1878 663 1938 verbis
678 1879 778 1958 paullo
793 1879 918 1938 inferius
931 1879 1005 1939 haec
1026 1879 1122 1940 addit:
1143 1877 1163 1941 ά
1178 1902 1230 1965 μοι

159 1982 242 2052 δοκεῖ
267 1985 459 2074 Αχαμέμνων
475 1982 663 2073 παραλαβὼν
679 1985 731 2049 καὶ
746 1991 878 2067 ναυτικῷ
894 1984 954 2069 (τε)
975 1985 1039 2072 ἅμα
1063 1989 1114 2052 ἐπὶ
1135 1989 1229 2053 πλέον

157 2104 219 2160 τῶν
236 2098 343 2159 ἄλλων
360 2101 491 2181 ἰσχύσας,
514 2097 573 2166 τῆν
589 2095 753 2181 στρατείαν
775 2095 809 2158 οὐ
824 2096 925 2181 χάριτι
939 2097 977 2159 τὸ
992 2095 1128 2170 πλεῖονῆ
1144 2098 1229 2186 φόβῳ

159 2205 341 2297 ξυναγαγών
370 2205 558 2278 ποιήσασθαι.
604 2209 654 2267 Ex
679 2209 751 2288 ipsis
775 2228 847 2269 vero
872 2208 1050 2270 carminibus
1075 2212 1230 2272 homericis

46 2373 48 2376 .
158 2323 256 2381 nullus
271 2321 391 2401 quidem
407 2340 508 2379 versus
523 2319 622 2380 afferri
638 2327 742 2398 potest,
763 2340 821 2400 quo
841 2318 993 2398 probetur,
1014 2319 1230 2399 Apollodorum

159 2443 187 2492 et
199 2433 381 2492 Pausaniam
397 2431 579 2509 sequendum
594 2449 667 2503 esse,
683 2430 735 2489 sed
750 2449 786 2489 ex
801 2430 846 2503 iis,
863 2429 993 2509 quaeda
1009 2433 1088 2490 omni
1104 2431 1231 2493 Graeco·

158 2563 222 2654 rurp
232 2543 403 2620 principum
418 2541 592 2600 condicione
604 2548 875 2611 commemorantur,
884 2541 983 2618 potius
993 2541 1233 2602 concludendum

159 2673 221 2713 esse
246 2653 378 2723 videtur,
406 2650 660 2727 Agamemnonem
690 2649 767 2708 illud
791 2650 947 2727 imperium
972 2671 1033 2710 non
1058 2651 1227 2728 obtinuisse,

160 2765 269 2842 quippe
285 2764 337 2841 qui
352 2781 466 2820 summa
479 2767 624 2839 potestate
638 2779 707 2818 urus
723 2767 806 2831 esset,
819 2759 870 2819 scd
881 2761 933 2839 qui
945 2761 1039 2837 pactis
1050 2760 1229 2822 foederibus-

161 2893 216 2952 que
232 2883 347 2932 ceteros
361 2871 511 2950 principes
530 2889 629 2930 secum
649 2870 857 2930 coniunxisset.
900 2868 987 2943 Quod
1010 2871 1155 2930 siveram
1176 2882 1229 2947 est,

161 2984 337 3042 facillimum
358 2957 402 3040 est
426 2981 588 3059 explicatu,
614 2979 760 3060 quomodo
782 2979 848 3039 fieri
874 2981 1014 3058 potuerit,
1042 2990 1075 3039 ut
1097 2981 1232 3043 Achilles

161 3093 396 3170 Agamemnonis
421 3093 578 3169 imperium
599 3091 783 3150 detrectaret.
827 3089 957 3149 Exstant
975 3099 1075 3171 autem
1096 3093 1233 3152 nonnulli

162 3213 240 3263 certe
256 3204 323 3275 loci,
339 3202 445 3280 quibus
460 3201 498 3260 de
514 3200 738 3278 Agamemnone
753 3199 934 3278 Graecisque
945 3201 989 3259 ita
999 3203 1106 3278 agitur,
1118 3212 1152 3262 ut
1163 3204 1233 3266 iude

162 3313 233 3392 quid
248 3314 342 3391 repeti
358 3313 457 3390 possit.
488 3311 643 3388 Leguntur
658 3312 737 3370 enim
752 3329 767 3370 ε
783 3311 843 3370 306
861 3331 894 3391 sq
908 3312 982 3372 haec
996 3311 1101 3374 verba:

318 3420 518 3505 τρισμάκαρες
534 3418 651 3481 Δαναοὶ
665 3418 718 3480 καὶ
731 3418 880 3504 τετράκις,
897 3425 927 3482 οἳ
938 3420 1003 3482 τότ’
1023 3419 1134 3485 ὄλοντο

317 3527 408 3614 Τροίη
426 3531 457 3592 ἐν
472 3529 579 3613 εὐρείῃ,
594 3529 679 3614 χάριν
691 3521 867 3613 Ἀτρείδῃσι
881 3529 1030 3614 φέροντες.

226 3642 343 3716 Quibus
363 3663 400 3702 cx
421 3641 519 3701 verbis
538 3639 623 3725 χάριν
643 3637 783 3724 φέροντες
803 3641 876 3702 mibi
900 3640 1020 3724 quidem
1047 3642 1144 3719 potins
1166 3661 1234 3700 con-

163 3751 346 3812 cludendum
374 3771 437 3812 esse
465 3751 595 3826 videtur,
625 3759 714 3832 pacta
742 3751 833 3811 fuisse
862 3770 950 3832 quam
980 3749 1236 3829 Agamemnonem

163 3863 394 3942 Menelaumqua
417 3871 528 3922 ceteros
548 3861 678 3923 Graecos
699 3863 844 3938 coegisse,
868 3870 902 3921 ut
920 3861 991 3920 belli
1009 3861 1147 3922 Troianis
1161 3863 1237 3924 infe-

162 3971 250 4043 rendi
267 3973 427 4052 participes
447 3973 559 4033 fierent.
605 3971 706 4048 Quid?
726 3994 827 4036 uonna
848 3992 886 4032 ex
906 3967 1009 4032 Basa
1032 3992 1087 4055 sqq
1105 3973 1238 4037 luculen-

1053 4067 1085 4112 ,ι
