3176 4898
750 310 948 406 Ab...

317 497 417 556 cilium
434 501 544 574 vocatis
560 499 633 558 nihil
649 497 731 557 aliud
743 519 910 558 concessum
924 508 988 559 erat
998 499 1055 560 nisi
1066 503 1201 560 assentiri
1214 503 1262 561 vel
1275 503 1385 562 dissen-

316 609 380 681 tire,
396 616 495 668 tamen
511 609 686 667 nonnullum
702 609 746 666 ius
761 610 797 668 iis
812 629 928 689 quoque
950 609 1052 668 datum
1072 630 1135 670 esse
1154 611 1297 671 videmus.
1334 614 1384 672 Ita

316 717 428 776 sactum
443 727 496 793 est,
511 727 543 777 ut
558 718 744 796 Agamemno
759 718 889 778 Graecos
904 720 935 778 in
957 721 1097 780 concione
1117 720 1330 796 adhortaretur,
1349 732 1384 796 ut

317 826 435 886 domurn
450 827 588 888 redirent.
629 827 709 902 Quin
732 830 821 888 etiam
837 827 967 888 Graecos
986 830 1056 888 vino
1071 840 1205 892 oneratos
1220 853 1383 894 convocare

316 937 502 1014 Agamemno
517 947 547 996 et
561 939 716 998 Menelaus
732 945 790 997 non
806 938 1029 1013 dubitaverunt,
1053 961 1120 1001 cum
1140 942 1282 1002 dissensio
1296 952 1382 1016 esset,

317 1056 415 1114 utrum
431 1047 549 1106 domum
564 1047 695 1107 redirent
710 1068 811 1108 necne.
857 1048 916 1108 Sed
930 1052 1089 1128 quaeritur,
1111 1051 1256 1130 quomodo
1277 1053 1385 1112 milites

316 1157 395 1215 illius
411 1158 524 1216 consilii
539 1158 676 1237 capiendi
692 1160 851 1237 participes
872 1160 945 1218 facti
966 1162 1032 1220 sint.
1077 1162 1210 1220 Tantum
1231 1161 1328 1235 abest,
1352 1171 1385 1220 ut

316 1287 352 1326 ex
368 1267 510 1326 militibus
525 1267 596 1346 ipsis
611 1271 791 1329 surrexerint
805 1271 857 1348 qui
871 1279 1080 1348 proponerent,
1102 1280 1135 1331 nt
1157 1272 1247 1331 duces
1270 1272 1324 1330 soli
1345 1271 1384 1330 ad

315 1376 473 1436 dicendum
504 1379 684 1437 surrexerint
709 1379 875 1459 militesque
901 1381 1125 1441 circumstantes
1150 1381 1237 1440 claris
1262 1381 1385 1440 vecibus

317 1496 368 1545 aut
382 1486 570 1546 laudaverint
585 1496 674 1567 atque
689 1488 920 1567 approbaverint
934 1498 987 1549 aut
999 1490 1181 1550 fremuerint.
1211 1492 1303 1550 Velut
1314 1512 1382 1550 cum

317 1598 420 1656 Ulixes
445 1593 470 1656 B
486 1599 546 1656 331
568 1597 607 1656 ad
625 1599 787 1658 exercitum
806 1619 870 1658 sese
889 1608 1073 1660 converteret
1090 1600 1256 1680 militesque
1276 1600 1382 1660 adhor-

315 1715 435 1780 teretur,
455 1715 488 1764 ut
502 1716 664 1780 manerent,
684 1709 728 1766 illi
749 1711 811 1767 eius
826 1708 917 1768 verba
931 1709 1024 1768 multo
1039 1709 1165 1769 clamore
1184 1711 1383 1770 laudaverunt

316 1817 459 1895 laetisque
473 1815 571 1875 verbis
586 1817 833 1878 acclamaverunt,
866 1817 912 1878 cf.
928 1814 954 1877 B
970 1822 1030 1878 333
1047 1840 1100 1899 sqq

469 1923 509 1996 ὣς
525 1923 624 2008 ἔφατ’,
636 1921 770 2011 Ἀργεῖοι
785 1915 820 1988 δὲ
836 1924 900 2012 μέν
920 1928 1004 2010 ἴαχον
1020 1961 1062 1971 -
1077 1927 1154 2012 ἀμφὶ
1169 1919 1204 1990 δὲ
1220 1937 1286 2000 νῆες

468 2025 653 2119 σμερδαλέον
669 2036 841 2116 κονάβησαν
857 2036 1019 2098 αὐσάντων
1034 2038 1079 2100 ὑπ’
1096 2035 1233 2124 Ἀχαιῶν
1251 2073 1292 2082 -

469 2143 560 2230 μῦθον
577 2126 984 2220 ἐπαινήσαντοςηὈδυσο-ἦος
997 2146 1095 2210 θείοιο.

379 2258 485 2317 Paullo
500 2265 567 2342 pest
581 2253 607 2316 B
623 2259 685 2317 394
705 2258 813 2316 milites
828 2257 1047 2334 Agamemnoni
1067 2281 1184 2341 quoque
1203 2260 1385 2340 applausisse

316 2378 486 2428 narrantur:

469 2475 510 2548 ὣς
524 2475 622 2560 ἔφατ’,
633 2474 768 2563 Ἀργεῖοι
784 2467 819 2539 δὲ
834 2476 899 2564 μέγ’
919 2479 1014 2564 ἴαχον,
1029 2477 1070 2551 ὥς
1085 2475 1139 2541 ὅτε
1152 2484 1244 2566 κῦμα.

380 2587 499 2647 Deinde
519 2609 585 2647 cum
603 2590 756 2648 Thersites
775 2589 826 2649 ille
846 2589 884 2649 ab
904 2590 995 2650 Ulixe
1015 2591 1136 2669 punitus
1161 2600 1250 2665 esset,
1275 2591 1383 2650 milites

316 2699 444 2758 riserunt
457 2698 582 2778 ideoque
597 2719 749 2758 assensum
764 2700 969 2776 significarunt
984 2697 1010 2760 B
1026 2701 1088 2760 270

468 2811 496 2868 οἱ
512 2798 546 2870 δὲ
562 2806 613 2869 καὶ
627 2805 788 2894 ἀχνύμενοί
802 2830 857 2895 περ
874 2807 917 2870 ἐπ’
938 2812 1022 2890 αὐτῷ
1038 2800 1095 2878 ἡδὺ
1111 2807 1276 2896 γέλασσαν.

380 2919 457 2977 Tum
472 2937 542 2978 vero
556 2920 612 2978 hoc
627 2920 672 2978 ius
688 2921 877 2980 conciliorum
889 2921 1145 2982 convocandorum
1160 2941 1219 2980 non
1234 2921 1286 2980 uni
1300 2919 1382 2997 Aga·

316 3030 464 3088 memnoni
480 3050 592 3088 summo
607 3029 675 3088 duci
690 3037 762 3103 erat,
778 3030 830 3090 sed
845 3032 935 3118 etiam
946 3030 1080 3092 Achilles
1096 3033 1259 3092 exercitum
1271 3032 1303 3089 in
1314 3049 1381 3089 con-

315 3141 430 3198 cionem
442 3141 623 3199 convocavit.
656 3139 701 3200 Of.
718 3134 743 3202 A
761 3141 803 3200 54

466 3253 508 3329 τῇ
524 3239 640 3328 δεκάτῃ
658 3239 683 3308 δ’
703 3240 854 3334 ἀγορήνδε
868 3247 1043 3310 καλέσσατο
1057 3247 1133 3310 λαὸν
1146 3245 1316 3333 Ἀχιλλεύς.

378 3357 491 3432 Quodsi
513 3357 699 3434 Agamemno
718 3378 822 3417 revera
841 3379 971 3418 summus
991 3358 1052 3418 dux
1071 3380 1124 3418 sua
1142 3361 1234 3439 ipsius
1249 3360 1382 3440 potentia

285 3535 288 3542 ¹
314 3476 403 3547 atque
417 3468 592 3527 auctoritate
605 3467 701 3525 factus
716 3476 788 3542 erat,
802 3470 856 3528 vix
870 3467 1012 3528 credibile
1032 3477 1084 3544 est,
1106 3490 1173 3530 eum
1195 3469 1380 3542 concessisse,

315 3586 348 3636 ut
368 3579 400 3637 in
420 3579 483 3638 iure
503 3578 596 3658 ipsius
614 3576 858 3656 interpellaretur.
903 3578 968 3640 Nec
988 3588 1088 3640 tamen
1106 3580 1292 3658 Agamemno
1315 3599 1381 3638 cum

314 3688 448 3748 Achilles
460 3687 591 3748 Graecos
602 3696 785 3761 convocaret,
801 3687 955 3766 prohibere
970 3689 1093 3755 studuit,
1108 3692 1265 3768 quominus
1281 3689 1382 3749 concio

219 3810 220 3814 ’
314 3798 412 3871 fieret,
445 3797 497 3858 sed
518 3818 619 3858 omnes
637 3797 744 3860 Graeci
763 3799 932 3878 frequentes
961 3808 1161 3859 convenerunt
1190 3800 1381 3880 Achillesque

315 3907 533 3985 Agamemnoni
560 3909 617 3987 ipsi
643 3909 851 3988 praescripsit,
871 3909 943 3990 quid
966 3909 1136 3970 faciendum
1161 3919 1245 3973 esset.
1290 3909 1380 3969 Adde

314 4015 393 4097 quod
412 4019 464 4107 vix
483 4019 610 4079 militurn
634 4019 774 4080 concione
792 4020 841 4080 vel
862 4020 1030 4100 principum
1052 4021 1178 4082 concilio
1197 4041 1270 4101 opus
1291 4022 1379 4080 fuisse
