3176 4898
770 323 839 376 ‘10

722 404 916 413 —-———

281 507 401 578 intrare,
424 513 457 564 ut
471 523 518 564 res
537 513 673 582 gererent
695 505 867 584 lucrumque
890 506 1029 564 facerent.
1076 507 1168 565 Velut
1188 506 1352 564 Phoenices

284 614 393 694 Syram
407 615 524 674 venisse
539 633 555 674 ο
570 615 632 673 415
649 633 682 692 sq

421 720 508 783 ,ἔνθα
525 713 560 783 δὲ
576 719 716 794 Φοίνικες
732 721 924 783 ναυσίκλυτοι
938 718 1049 792 ἤλυθον
1066 713 1179 807 ἄνδρες,

435 839 581 914 τρῶκται,
598 830 672 916 μυρί’
691 830 817 918 ἄγοντες
831 829 991 915 ἀθύρματα
1002 831 1050 903 νηὶ
1062 832 1201 916 μελαίνη,

282 940 382 1020 ibique
398 963 492 1001 unum
507 963 619 1002 annum
634 944 744 1002 versati
759 961 821 1002 esse
837 943 975 1002 dicuntur
990 963 1005 1002 o
1021 944 1083 1002 455
1099 964 1134 1022 sq

437 1055 463 1110 οὶ
479 1041 504 1111 θ’
517 1046 656 1112 ἐνιαυτὸν
672 1048 797 1112 ἅπαντα
811 1050 878 1134 παρ’
895 1053 965 1136 ημῖν
981 1044 1047 1111 αὖθι
1063 1049 1205 1133 μένοντες

437 1160 469 1220 ἐν
485 1159 532 1230 νηὶ
546 1161 687 1246 γλαφυρῇ
703 1158 806 1239 βίοτον
820 1155 916 1221 πολὺν
932 1159 1141 1243 ἐμπολόωντο.

347 1270 412 1330 Nec
427 1271 520 1328 solum
536 1272 733 1347 negotiatores
748 1279 840 1330 terras
851 1272 953 1330 visisse
971 1271 1119 1346 videntur,
1142 1291 1245 1330 verum
1264 1272 1354 1330 etiam

285 1400 379 1458 caupo
395 1399 410 1439 ο
428 1381 487 1440 459
505 1400 558 1459 sqq
573 1381 689 1440 venisse
704 1379 840 1453 traditur,
855 1381 967 1458 quires
982 1388 1182 1439 commutaret.

435 1486 519 1558 ἤλυθ’
540 1487 614 1572 ἀνὴρ
630 1476 782 1572 πολύιδρις
798 1489 872 1572 ἐμοῦ
887 1482 960 1572 πρὸς
975 1475 1109 1570 θώματα
1123 1485 1237 1570 πατρός

435 1597 559 1682 χρύσεον
576 1595 667 1681 ὅρμον
684 1600 771 1681 ἔχων,
787 1595 868 1682 μετὰ
884 1584 909 1657 θ’
926 1595 1114 1682 ἠλέκτροισιν
1131 1600 1225 1682 ἔερτο.

434 1703 490 1768 τὸν
507 1705 562 1790 μὲν
579 1704 623 1790 ἄρ’
642 1710 672 1768 ἐν
689 1703 811 1793 μεγάρῳ
827 1697 928 1790 δμωαὶ
943 1705 995 1766 καὶ
1009 1705 1121 1768 πότνια
1134 1704 1241 1791 μήτηρ1

435 1815 533 1899 χερσίν
548 1816 574 1876 τ’
595 1815 804 1900 ἀμφαφόωντο
820 1814 872 1877 καί
887 1813 1083 1900 ὀφθαλμοῖσιν
1099 1815 1223 1901 ὁρῶντο,

436 1919 514 1986 οἶνον
530 1926 730 2011 ἐπισχόμεναι·
746 1925 761 1986 ὁ
778 1917 812 1986 δὲ
828 1928 868 2006 τῇ
884 1928 1049 2012 κατένευσε
1065 1930 1176 2007 σιωπῇ.

348 2034 415 2109 Quo
429 2036 493 2095 loco
508 2057 687 2115 quamquam
702 2038 748 2095 vir
769 2037 820 2095 illc
835 2044 951 2094 tantum
963 2056 997 2095 eo
1014 2038 1134 2096 consilio
1154 2056 1266 2096 merces
1285 2057 1355 2096 ven·

286 2143 384 2204 ditans
399 2147 503 2204 missus
518 2154 570 2219 est,
594 2154 627 2204 ut
642 2147 759 2204 mulieri
774 2145 913 2206 Sidoniae
935 2147 1052 2223 signum
1072 2147 1247 2224 promissum
1262 2145 1354 2219 daret,
1446 2162 1448 2166 ·

284 2262 385 2314 tamen
405 2255 480 2314 illud
498 2256 636 2314 horinon
651 2257 755 2334 potuit,
771 2257 828 2314 nisi
843 2275 922 2314 more
936 2263 1086 2335 receptum
1102 2263 1173 2327 erat,
1194 2263 1228 2313 ut
1242 2257 1354 2314 instito-

283 2384 330 2422 res
345 2365 445 2424 domos
460 2367 539 2444 ipsas
553 2367 697 2424 intrarent
708 2363 807 2443 ibique
818 2384 864 2423 res
875 2373 1019 2440 gererent.
1041 2365 1106 2424 Neo
1118 2385 1187 2424 vero
1200 2366 1355 2443 quisquam

285 2474 404 2533 domum
419 2476 530 2534 intrare
545 2494 632 2532 ausus
647 2482 700 2546 est,
723 2475 780 2532 nisi
795 2475 889 2548 scivit,
914 2493 944 2532 se
967 2475 1029 2532 iure
1051 2473 1180 2551 quodam
1200 2473 1356 2533 defensum

284 2604 361 2643 esse:
384 2593 507 2662 apparet
532 2585 621 2657 enim,
642 2584 839 2659 negotiatores
863 2579 973 2661 quippe
997 2584 1048 2661 qni
1073 2585 1222 2661 peregrini
1248 2593 1354 2657 essent,

284 2694 493 2774 hospitalitatis
507 2695 571 2753 iure
586 2713 653 2751 usos
667 2711 738 2751 esse.
784 2690 855 2750 Alia
874 2712 989 2771 quoque
1009 2693 1135 2768 vestigia
1150 2692 1292 2771 probant,
1315 2694 1356 2751 ali

284 2805 367 2880 genti
383 2823 449 2861 oum
470 2803 529 2863 alia
549 2811 639 2881 gente
660 2803 826 2878 negotium,
850 2809 883 2859 ut
901 2803 944 2860 ita
966 2803 1074 2874 dicam,
1095 2811 1231 2862 terrestre
1253 2803 1353 2861 fuisse.

285 2914 422 2991 Namque
437 2912 633 2972 Telemachus
649 2932 715 2969 cum
732 2913 871 2989 Spartam
891 2931 954 2971 sese
969 2912 1123 2983 conferret,
1145 2933 1233 2970 curru
1253 2921 1355 2970 vectus

285 3042 348 3082 esse
363 3024 470 3082 fertur:
485 3042 506 3107 γ
521 3023 584 3081 495
601 3042 636 3100 sq

435 3124 499 3208 ἷξον
516 3121 541 3190 θ’
562 3131 591 3200 ἐς
606 3121 708 3190 πεδίον
723 3128 900 3214 πυρηφόρον,
917 3126 987 3190 ἐνθα
1003 3119 1028 3188 θ’
1047 3132 1154 3191 ἔπειτα

438 3232 510 3308 ἦνον
526 3233 607 3302 titv-
622 3247 706 3300 τοῖον
721 3238 780 3325 γαρ
798 3237 964 3322 ὑπέκφορον
980 3237 1071 3310 ὠκέες
1086 3240 1179 3300 ἵπποι.

327 3350 395 3424 Quo
409 3351 473 3409 loco
489 3371 575 3410 nemo
590 3359 648 3423 est,
670 3352 795 3428 quinon
814 3351 983 3427 intellegat,
1006 3351 1070 3409 vias
1092 3359 1155 3409 tum
1176 3351 1235 3408 iam
1256 3350 1354 3408 fuisse.

285 3459 376 3520 Adde
398 3459 478 3539 quod
501 3462 614 3519 Hector
637 3457 741 3519 2290
761 3480 815 3538 sqq
834 3469 944 3534 narrat,
968 3460 1120 3518 Priamum
1144 3460 1265 3518 divitias
1288 3479 1356 3518 suas

287 3579 481 3630 commutasse

437 3683 489 3740 νῦν
506 3670 540 3741 dt
557 3669 594 3748 θη
611 3675 789 3757 ἐξαπόλωλε
805 3669 906 3761 θόμων
922 3676 1064 3762 κειμήλια
1079 3674 1171 3759 καλοί,

439 3788 542 3850 πολλὰ
558 3781 592 3851 δέ
609 3779 646 3857 δὴ
662 3786 800 3874 Φρυγίην
815 3787 866 3848 καὶ
881 3787 1017 3870 Μῃονίην
1033 3785 1189 3872 ἐρατεινήν

440 3897 590 3982 κτήματα
604 3896 757 3982 περνάμεν’
776 3897 840 3958 ίκει·

288 4030 365 4088 quae
379 4030 476 4068 rerum
493 4011 680 4068 commutatio
700 4018 761 4067 tum
783 4009 901 4067 omnino
923 4009 986 4066 fieri
1007 4029 1067 4067 non
1089 4009 1184 4086 potuit
1204 4010 1261 4068 nisi
1284 4010 1357 4067 Tro-
