3176 4898
638 316 833 410 „AE-.-

267 503 341 577 Quis
356 504 477 565 tandem
492 504 547 564 sibi
562 505 675 582 fingere
689 512 794 583 potest,
810 473 931 564 Ulixem
946 505 1036 564 talem
1059 505 1150 563 fuisse
1164 502 1269 578 virum,

202 619 236 672 nt
251 612 427 692 apraedone
441 613 503 674 fere
514 614 589 672 nihil
604 612 756 674 differret?
778 614 918 674 Potestne
933 613 1022 686 credi,
1040 612 1160 672 Ulixem
1178 613 1269 672 libere

203 722 343 801 profiteri,
371 741 402 782 se
424 723 517 782 multa
543 742 606 784 esse
634 723 856 802 correpturum?
890 724 975 782 Haec
1000 729 1099 782 autem
1124 724 1271 782 sententia

205 832 326 892 minime
341 832 465 893 ferenda
481 840 539 892 est:
562 833 671 892 sedita
689 833 763 892 haec
778 831 870 892 verba
889 831 1066 912 explicanda
1085 850 1148 890 esse
1167 831 1269 891 viden·

203 950 260 1016 tur,
275 950 309 1000 ut
323 943 427 1003 Ulixes
442 950 549 1022 speret,
564 943 627 1002 fore
642 951 675 1000 ut
689 941 767 1002 bello
781 963 922 1020 magnam
943 941 1084 1021 praedam
1099 960 1162 1001 esse
1176 942 1270 1000 factu·

204 1071 279 1110 rum.
309 1049 483 1112 Omittenda
497 1053 589 1130 igitur
604 1060 647 1112 est
660 1053 712 1111 illa
725 1051 882 1112 verborum
892 1052 1095 1131 interpretatio
1110 1050 1272 1110 secundum

204 1181 293 1241 quam
308 1161 413 1221 Ulixes
427 1183 486 1222 non
501 1161 562 1220 dux
577 1161 629 1221 sed
644 1161 755 1241 praedo
769 1162 859 1221 fuisse
873 1143 1000 1222 videtur.
1035 1161 1100 1220 Nec
1115 1161 1268 1220 Nmascm

205 1272 352 1331 sententia
370 1271 408 1332 de
426 1271 517 1332 Ulixe
541 1271 691 1351 praedone
719 1273 755 1330 iis
780 1271 980 1345 confirmatur,
1006 1289 1083 1350 quae
1107 1289 1127 1354 φ
1150 1273 1189 1331 38
1218 1290 1272 1350 sqq

206 1379 360 1457 leguntur:

442 1485 480 1550 τό
496 1485 612 1575 (τόξον)
630 1480 656 1549 δ’
676 1487 801 1551 οὔποτε
818 1477 880 1560 δῖος
891 1477 1063 1562 Ὀδυσσεύς

359 1597 517 1683 ἐργόμενος
530 1590 700 1683 πόλεμόνδε
715 1595 887 1683 μελαινάων
903 1599 952 1660 ἐπὶ
968 1605 1047 1670 νηῶν

359 1707 450 1792 ᾑρεῖτ’
470 1711 539 1773 κτλ.

273 1879 353 1939 Sane
367 1878 487 1958 quidem
501 1880 557 1938 hoc
571 1879 635 1938 loco
649 1879 804 1938 Nmzsom
818 1878 910 1939 verba
931 1879 1116 1958 respicienda
1132 1889 1207 1952 sunt,
1224 1882 1273 1959 qui

209 1988 248 2048 ad
263 2009 283 2048 α
300 1990 360 2048 397
376 1988 450 2047 haec
463 1987 567 2049 habet:
590 1989 686 2063 „Dosa
702 1987 853 2070 Odysseus
868 2009 921 2048 vor
942 1989 1009 2048 dem
1028 1991 1175 2049 troischen
1192 1991 1275 2066 Zuge

209 2099 308 2158 solche
319 2098 454 2157 Einlitlle
469 2097 546 2158 efter
557 2098 742 2174 unternahm,
757 2099 831 2175 liegt
842 2097 974 2158 offenbar
988 2100 1020 2158 in
1034 2099 1125 2171 XXI,
1139 2101 1273 2172 38—41,

208 2229 254 2268 wo
269 2205 383 2268 οὔποτε
397 2205 499 2292 ἡρεῖτο
515 2207 576 2268 und
592 2209 650 2266 alle
670 2207 797 2284 tibrigcn
815 2210 942 2268 Formen
962 2190 1016 2268 aul
1034 2209 1126 2268 &ltere
1142 2208 1276 2268 Wieder·

208 2318 321 2395 holung
346 2319 522 2390 hinweisen,
551 2339 599 2376 am
619 2298 857 2394 allerwenigsten
878 2319 948 2380 aber
967 2318 1116 2391 erlauben,
1133 2319 1223 2377 allein
1239 2339 1278 2376 an

209 2427 263 2486 das
293 2427 511 2487 Zun‘iclxlassen
546 2427 598 2487 des
631 2429 751 2504 Bogcns
783 2427 861 2487 beim
892 2430 975 2506 Zuge
1009 2431 1086 2488 nach
1115 2429 1206 2488 Troia
1241 2449 1277 2486 zu

209 2537 358 2597 denken.“
403 2537 490 2595 Esto!
518 2537 619 2616 plures
644 2537 846 2616 expeditiones
866 2546 1007 2617 usurpato
1021 2546 1152 2618 tempore
1173 2540 1279 2618 imper-

210 2648 289 2707 fecto
304 2646 486 2705 indicantur:
509 2666 595 2706 nemo
610 2654 709 2707 tamen
723 2647 849 2726 probare
870 2656 975 2727 potest,
997 2648 1063 2708 illas
1078 2647 1282 2727 expeditiones

209 2765 326 2816 tantum
348 2755 512 2835 praedandi
535 2777 623 2815 causa
649 2759 743 2817 factas
768 2777 839 2818 esse.
884 2757 927 2816 At
941 2759 1014 2816 mihi
1040 2759 1148 2837 opponi
1172 2765 1277 2837 potest,

210 2867 331 2927 Ulixem
346 2888 356 2925 ι
372 2869 410 2925 39
428 2886 482 2946 sqq
506 2874 616 2926 temere
632 2867 775 2927 Ciconum
797 2866 899 2927 urbem
919 2867 1052 2947 perdere.
1096 2868 1164 2925 Hoc
1179 2875 1277 2926 autem

209 2976 274 3036 loco
288 2995 343 3035 nec
358 2996 462 3036 verum
488 2985 531 3036 cst
546 2997 601 3036 nec
627 2985 723 3057 potest
745 2977 862 3056 probari
889 2977 967 3056 quod
986 2978 1177 3036 Nmzsomus
1193 2975 1278 3035 dicit:

210 3088 287 3160 „wie
309 3086 401 3164 lustig
424 3085 576 3166 Odysseus
596 3109 633 3146 zu
653 3085 908 3147 Kiistenrituberei
923 3108 992 3161 war,
1011 3089 1090 3164 zeigt
1109 3086 1161 3145 der
1175 3085 1280 3144 Anfall

210 3198 265 3255 auf
284 3197 333 3256 die
355 3197 499 3256 Kikonen
523 3196 654 3256 deutlich
677 3217 777 3274 genug
798 3197 856 3271 IX,
878 3197 949 3256 40.“
991 3195 1071 3256 Vide
1091 3197 1169 3255 enim
1189 3216 1277 3274 quam

211 3306 289 3367 bene
316 3307 375 3366 iam
400 3325 497 3365 rerum
520 3327 665 3366 conexum
680 3307 868 3381 intellexerit,
890 3307 940 3386 qui
965 3307 1086 3366 navium
1112 3305 1280 3382 catalogum

210 3417 382 3496 composuit.
427 3415 474 3475 Ibi
490 3418 568 3476 enim
585 3416 709 3476 Cicones
724 3419 755 3476 in
770 3419 805 3476 iis
820 3418 966 3476 numerati
981 3425 1058 3490 sunt,
1079 3416 1129 3493 qui
1145 3437 1163 3474 a
1177 3415 1278 3473 Troia·

210 3548 313 3585 norum
329 3525 462 3606 partibus
477 3525 608 3585 stabant:
632 3527 669 3587 cf.
688 3524 789 3623 Bato

362 3658 507 3746 Εὔφημος
521 3651 546 3720 δ’
567 3655 655 3746 ἀρχὸς
669 3659 809 3723 Κικόνων
823 3653 859 3730 ἦν
876 3655 1065 3744 αἰχμητάων.

274 3798 350 3858 Uum
375 3799 465 3875 igitur
491 3797 616 3858 Cicones
643 3797 823 3858 Graecorum
849 3795 1010 3854 adversarii
1035 3801 1144 3866 essent,
1172 3793 1277 3853 Ulixes

211 3929 278 3967 cum
293 3908 332 3968 ad
355 3928 455 3968 eornm
477 3917 586 3968 terram
598 3927 691 3967 naves
715 3907 886 3987 appulisset,
909 3906 940 3963 in
955 3903 1057 3964 urbem
1075 3904 1173 3962 statim
1187 3904 1278 3982 impe·

210 4026 272 4076 tum
288 4019 370 4078 fecit:
387 4038 446 4096 qua
460 4025 631 4098 expugnata
642 4038 781 4095 magnam
798 4015 937 4095 praedam
952 4036 1014 4075 esse
1030 4017 1140 4074 factam
1156 4032 1276 4072 consen·
