<?xml version="1.0" encoding="UTF-8"?>
<!DOCTYPE html PUBLIC "-//W3C//DTD XHTML 1.0 Transitional//EN"
    "http://www.w3.org/TR/xhtml1/DTD/xhtml1-transitional.dtd">
<html xmlns="http://www.w3.org/1999/xhtml" xml:lang="en" lang="en">
 <head>
  <title>
</title>
<meta http-equiv="Content-Type" content="text/html;charset=utf-8" />
  <meta name='ocr-system' content='tesseract 3.04.00' />
  <meta name='ocr-capabilities' content='ocr_page ocr_carea ocr_par ocr_line ocrx_word'/>
</head>
<body>
  <div class='ocr_page' id='page_1' title='image "./devestigiisiuri00sorggoog_0037.png"; bbox 0 0 3176 4898; ppageno 0'>
   <div class='ocr_carea' id='block_1_1' title="bbox 808 293 849 356">
    <p class='ocr_par' dir='ltr' id='par_1_1' title="bbox 808 293 849 356">
     <span class='ocr_line' id='line_1_1' title="bbox 808 293 849 356; baseline -0.049 0"><span class='ocrx_word' id='word_1_1' title='bbox 808 293 849 356; x_wconf 75' lang='lat'>32</span> 
     </span>
    </p>
   </div>
   <div class='ocr_carea' id='block_1_2' title="bbox 446 467 1289 894">
    <p class='ocr_par' dir='ltr' id='par_1_2' title="bbox 446 467 1289 672">
     <span class='ocr_line' id='line_1_2' title="bbox 448 467 1289 564; baseline -0.005 -25"><span class='ocrx_word' id='word_1_2' title='bbox 448 469 597 563; x_wconf 80' lang='grc' dir='ltr'><strong>ζωγρεῖτ’,</strong></span> <span class='ocrx_word' id='word_1_3' title='bbox 613 476 709 560; x_wconf 74' lang='grc' dir='ltr'>αὐτὰρ</span> <span class='ocrx_word' id='word_1_4' title='bbox 725 473 805 564; x_wconf 67' lang='lat' dir='ltr'>ipsiu</span> <span class='ocrx_word' id='word_1_5' title='bbox 822 476 875 561; x_wconf 79' lang='grc' dir='ltr'>ἐμὲ</span> <span class='ocrx_word' id='word_1_6' title='bbox 890 477 1033 562; x_wconf 78' lang='grc' dir='ltr'>λύσομαι·</span> <span class='ocrx_word' id='word_1_7' title='bbox 1050 475 1186 562; x_wconf 78' lang='grc' dir='ltr'>ἔστιγὰρ</span> <span class='ocrx_word' id='word_1_8' title='bbox 1203 467 1289 537; x_wconf 78' lang='grc' dir='ltr'>ἔνδον</span> 
     </span>
     <span class='ocr_line' id='line_1_3' title="bbox 446 578 1185 672; baseline 0 -24"><span class='ocrx_word' id='word_1_9' title='bbox 446 587 558 672; x_wconf 86' lang='grc' dir='ltr'>χαλκός</span> <span class='ocrx_word' id='word_1_10' title='bbox 572 608 609 649; x_wconf 82' lang='grc' dir='ltr'>τε</span> <span class='ocrx_word' id='word_1_11' title='bbox 622 587 729 672; x_wconf 79' lang='grc' dir='ltr'>χρυσός</span> <span class='ocrx_word' id='word_1_12' title='bbox 742 608 779 649; x_wconf 87' lang='grc' dir='ltr'>τε</span> <span class='ocrx_word' id='word_1_13' title='bbox 793 585 989 671; x_wconf 83' lang='grc' dir='ltr'>πολυκμητός</span> <span class='ocrx_word' id='word_1_14' title='bbox 1006 608 1043 648; x_wconf 86' lang='grc' dir='ltr'>τε</span> <span class='ocrx_word' id='word_1_15' title='bbox 1058 578 1185 670; x_wconf 82' lang='grc' dir='ltr'>σίδηρος,</span> 
     </span>
    </p>

    <p class='ocr_par' dir='ltr' id='par_1_3' title="bbox 448 695 1243 782">
     <span class='ocr_line' id='line_1_4' title="bbox 448 695 1243 782; baseline -0.001 -24"><span class='ocrx_word' id='word_1_16' title='bbox 448 701 512 758; x_wconf 90' lang='grc' dir='ltr'>τῶν</span> <span class='ocrx_word' id='word_1_17' title='bbox 527 695 552 759; x_wconf 58' lang='grc' dir='ltr'>κ)</span> <span class='ocrx_word' id='word_1_18' title='bbox 572 695 664 782; x_wconf 83' lang='grc' dir='ltr'>ὔμμιν</span> <span class='ocrx_word' id='word_1_19' title='bbox 679 697 838 782; x_wconf 79' lang='grc' dir='ltr'>χαρίσαιτο</span> <span class='ocrx_word' id='word_1_20' title='bbox 852 696 954 782; x_wconf 69' lang='grc' dir='ltr'>πατὴρ</span> <span class='ocrx_word' id='word_1_21' title='bbox 971 695 1109 782; x_wconf 76' lang='grc' dir='ltr'><strong>ἀπερείσι’</strong></span> <span class='ocrx_word' id='word_1_22' title='bbox 1130 695 1243 758; x_wconf 85' lang='grc' dir='ltr'>ἄποινα</span> 
     </span>
    </p>

    <p class='ocr_par' dir='ltr' id='par_1_4' title="bbox 449 796 1214 894">
     <span class='ocr_line' id='line_1_5' title="bbox 449 796 1214 894; baseline 0.003 -26"><span class='ocrx_word' id='word_1_23' title='bbox 449 808 477 868; x_wconf 82' lang='grc' dir='ltr'>εἴ</span> <span class='ocrx_word' id='word_1_24' title='bbox 488 827 539 868; x_wconf 87' lang='grc' dir='ltr'>κεν</span> <span class='ocrx_word' id='word_1_25' title='bbox 555 803 610 891; x_wconf 74' lang='grc' dir='ltr'>ἐμὲ</span> <span class='ocrx_word' id='word_1_26' title='bbox 626 796 704 880; x_wconf 80' lang='grc' dir='ltr'>ζωὸν</span> <span class='ocrx_word' id='word_1_27' title='bbox 719 805 869 870; x_wconf 83' lang='grc' dir='ltr'>πεπύθοιτ’</span> <span class='ocrx_word' id='word_1_28' title='bbox 889 807 940 869; x_wconf 75' lang='grc' dir='ltr'>ἐπὶ</span> <span class='ocrx_word' id='word_1_29' title='bbox 955 807 1056 880; x_wconf 87' lang='grc' dir='ltr'>νηυσὶν</span> <span class='ocrx_word' id='word_1_30' title='bbox 1067 804 1214 894; x_wconf 77' lang='grc' dir='ltr'>Ἀχαιῶν.</span> 
     </span>
    </p>
   </div>
   <div class='ocr_carea' id='block_1_3' title="bbox 300 949 1367 1250">
    <p class='ocr_par' dir='ltr' id='par_1_5' title="bbox 300 949 1367 1250">
     <span class='ocr_line' id='line_1_6' title="bbox 362 949 1367 1029; baseline -0.005 -18"><span class='ocrx_word' id='word_1_31' title='bbox 362 951 428 1011; x_wconf 86' lang='lat' dir='ltr'>Neo</span> <span class='ocrx_word' id='word_1_32' title='bbox 442 951 558 1010; x_wconf 90' lang='lat' dir='ltr'>silentio</span> <span class='ocrx_word' id='word_1_33' title='bbox 573 950 868 1029; x_wconf 87' lang='lat' dir='ltr'>praetermittendum</span> <span class='ocrx_word' id='word_1_34' title='bbox 884 961 936 1026; x_wconf 89' lang='lat' dir='ltr'>est,</span> <span class='ocrx_word' id='word_1_35' title='bbox 952 952 1078 1011; x_wconf 91' lang='lat' dir='ltr'>militem</span> <span class='ocrx_word' id='word_1_36' title='bbox 1093 952 1224 1010; x_wconf 90' lang='lat' dir='ltr'>saucium</span> <span class='ocrx_word' id='word_1_37' title='bbox 1240 949 1367 1029; x_wconf 89' lang='lat' dir='ltr'>petiisse,</span> 
     </span>
     <span class='ocr_line' id='line_1_7' title="bbox 300 1058 1367 1140; baseline -0.005 -20"><span class='ocrx_word' id='word_1_38' title='bbox 300 1070 334 1120; x_wconf 92' lang='lat' dir='ltr'>ut</span> <span class='ocrx_word' id='word_1_39' title='bbox 349 1062 445 1120; x_wconf 87' lang='lat' dir='ltr'>victor</span> <span class='ocrx_word' id='word_1_40' title='bbox 460 1061 573 1138; x_wconf 83' lang='lat' dir='ltr'><strong>corpori</strong></span> <span class='ocrx_word' id='word_1_41' title='bbox 588 1080 640 1120; x_wconf 88' lang='lat' dir='ltr'>suo</span> <span class='ocrx_word' id='word_1_42' title='bbox 655 1068 798 1139; x_wconf 79' lang='lat' dir='ltr'>parceret.</span> <span class='ocrx_word' id='word_1_43' title='bbox 833 1059 926 1120; x_wconf 82' lang='lat' dir='ltr'>Cuius</span> <span class='ocrx_word' id='word_1_44' title='bbox 941 1063 1029 1120; x_wconf 91' lang='lat' dir='ltr'>moris</span> <span class='ocrx_word' id='word_1_45' title='bbox 1044 1061 1214 1140; x_wconf 79' lang='lat' dir='ltr'>exemplum</span> <span class='ocrx_word' id='word_1_46' title='bbox 1229 1058 1367 1118; x_wconf 81' lang='lat' dir='ltr'>Hectoris</span> 
     </span>
     <span class='ocr_line' id='line_1_8' title="bbox 300 1165 1116 1250; baseline 0 -20"><span class='ocrx_word' id='word_1_47' title='bbox 300 1171 392 1250; x_wconf 80' lang='lat' dir='ltr'>ipsius</span> <span class='ocrx_word' id='word_1_48' title='bbox 406 1169 498 1230; x_wconf 87' lang='lat' dir='ltr'>verba</span> <span class='ocrx_word' id='word_1_49' title='bbox 513 1168 663 1248; x_wconf 81' lang='lat' dir='ltr'>praebent,</span> <span class='ocrx_word' id='word_1_50' title='bbox 679 1189 754 1249; x_wconf 90' lang='lat' dir='ltr'>quae</span> <span class='ocrx_word' id='word_1_51' title='bbox 771 1165 800 1229; x_wconf 91' lang='lat' dir='ltr'>X</span> <span class='ocrx_word' id='word_1_52' title='bbox 817 1171 876 1230; x_wconf 80' lang='lat'>338</span> <span class='ocrx_word' id='word_1_53' title='bbox 893 1191 948 1250; x_wconf 90' lang='lat' dir='ltr'>sqq</span> <span class='ocrx_word' id='word_1_54' title='bbox 962 1172 1116 1247; x_wconf 85' lang='lat' dir='ltr'>leguntur:</span> 
     </span>
    </p>
   </div>
   <div class='ocr_carea' id='block_1_4' title="bbox 451 1307 1251 1616">
    <p class='ocr_par' dir='ltr' id='par_1_6' title="bbox 451 1307 1251 1616">
     <span class='ocr_line' id='line_1_9' title="bbox 451 1307 1243 1399; baseline 0.003 -28"><span class='ocrx_word' id='word_1_55' title='bbox 451 1309 567 1397; x_wconf 83' lang='grc' dir='ltr'>λίσσομ’</span> <span class='ocrx_word' id='word_1_56' title='bbox 587 1309 659 1397; x_wconf 79' lang='grc' dir='ltr'>ὑπὲρ</span> <span class='ocrx_word' id='word_1_57' title='bbox 675 1307 769 1397; x_wconf 73' lang='grc' dir='ltr'>ψυχῆς</span> <span class='ocrx_word' id='word_1_58' title='bbox 783 1313 836 1375; x_wconf 85' lang='grc' dir='ltr'>καὶ</span> <span class='ocrx_word' id='word_1_59' title='bbox 850 1313 968 1399; x_wconf 85' lang='grc' dir='ltr'>γούνων</span> <span class='ocrx_word' id='word_1_60' title='bbox 984 1318 1045 1375; x_wconf 91' lang='grc' dir='ltr'>σῶν</span> <span class='ocrx_word' id='word_1_61' title='bbox 1060 1335 1097 1376; x_wconf 80' lang='grc' dir='ltr'>τε</span> <span class='ocrx_word' id='word_1_62' title='bbox 1110 1312 1243 1390; x_wconf 75' lang='grc' dir='ltr'>τοκήων,</span> 
     </span>
     <span class='ocr_line' id='line_1_10' title="bbox 456 1414 1251 1507; baseline 0 -23"><span class='ocrx_word' id='word_1_63' title='bbox 456 1419 497 1505; x_wconf 78' lang='grc' dir='ltr'>μή</span> <span class='ocrx_word' id='word_1_64' title='bbox 514 1442 552 1507; x_wconf 86' lang='grc' dir='ltr'>με</span> <span class='ocrx_word' id='word_1_65' title='bbox 568 1424 605 1483; x_wconf 80' lang='grc' dir='ltr'>ἔα</span> <span class='ocrx_word' id='word_1_66' title='bbox 619 1421 702 1505; x_wconf 77' lang='grc' dir='ltr'>παρὰ</span> <span class='ocrx_word' id='word_1_67' title='bbox 719 1423 804 1492; x_wconf 78' lang='grc' dir='ltr'>νηυσὶ</span> <span class='ocrx_word' id='word_1_68' title='bbox 817 1422 909 1494; x_wconf 83' lang='grc' dir='ltr'>κύνας</span> <span class='ocrx_word' id='word_1_69' title='bbox 924 1414 1103 1505; x_wconf 73' lang='grc' dir='ltr'>καταδάψαι</span> <span class='ocrx_word' id='word_1_70' title='bbox 1114 1421 1251 1507; x_wconf 80' lang='grc' dir='ltr'>Ἀχαιῶν</span> 
     </span>
     <span class='ocr_line' id='line_1_11' title="bbox 456 1523 1229 1616; baseline 0.003 -24"><span class='ocrx_word' id='word_1_71' title='bbox 456 1529 538 1592; x_wconf 82' lang='grc' dir='ltr'>ἀλλά</span> <span class='ocrx_word' id='word_1_72' title='bbox 555 1527 590 1592; x_wconf 75' lang='lat' dir='ltr'>od</span> <span class='ocrx_word' id='word_1_73' title='bbox 607 1528 662 1616; x_wconf 82' lang='grc' dir='ltr'>μὲν</span> <span class='ocrx_word' id='word_1_74' title='bbox 678 1531 791 1616; x_wconf 84' lang='grc' dir='ltr'>χαλκόν</span> <span class='ocrx_word' id='word_1_75' title='bbox 807 1553 844 1594; x_wconf 84' lang='grc' dir='ltr'>τε</span> <span class='ocrx_word' id='word_1_76' title='bbox 859 1529 923 1604; x_wconf 84' lang='grc' dir='ltr'>ἅλις</span> <span class='ocrx_word' id='word_1_77' title='bbox 938 1532 1046 1616; x_wconf 73' lang='grc' dir='ltr'>χρυσόν</span> <span class='ocrx_word' id='word_1_78' title='bbox 1060 1553 1097 1594; x_wconf 85' lang='grc' dir='ltr'>τε</span> <span class='ocrx_word' id='word_1_79' title='bbox 1114 1523 1229 1611; x_wconf 78' lang='grc' dir='ltr'>δέδεξο.</span> 
     </span>
    </p>
   </div>
   <div class='ocr_carea' id='block_1_5' title="bbox 307 1671 1374 1867">
    <p class='ocr_par' dir='ltr' id='par_1_7' title="bbox 307 1671 1374 1867">
     <span class='ocr_line' id='line_1_12' title="bbox 369 1671 1373 1756; baseline 0.001 -22"><span class='ocrx_word' id='word_1_80' title='bbox 369 1675 512 1754; x_wconf 89' lang='lat' dir='ltr'>Idemque</span> <span class='ocrx_word' id='word_1_81' title='bbox 527 1677 639 1736; x_wconf 86' lang='lat' dir='ltr'>Hector</span> <span class='ocrx_word' id='word_1_82' title='bbox 658 1676 718 1736; x_wconf 88' lang='lat' dir='ltr'>alia</span> <span class='ocrx_word' id='word_1_83' title='bbox 738 1677 809 1736; x_wconf 84' lang='lat' dir='ltr'>data</span> <span class='ocrx_word' id='word_1_84' title='bbox 829 1671 1026 1736; x_wconf 84' lang='lat' dir='ltr'>occasionell</span> <span class='ocrx_word' id='word_1_85' title='bbox 1050 1680 1089 1736; x_wconf 99' lang='lat'>77</span> <span class='ocrx_word' id='word_1_86' title='bbox 1106 1698 1160 1756; x_wconf 87' lang='lat' dir='ltr'>sqq</span> <span class='ocrx_word' id='word_1_87' title='bbox 1185 1675 1373 1735; x_wconf 79' lang='lat' dir='ltr'>condiciones</span> 
     </span>
     <span class='ocr_line' id='line_1_13' title="bbox 307 1785 1374 1867; baseline 0 -23"><span class='ocrx_word' id='word_1_88' title='bbox 307 1785 464 1846; x_wconf 83' lang='lat' dir='ltr'>declarans</span> <span class='ocrx_word' id='word_1_89' title='bbox 484 1785 591 1864; x_wconf 89' lang='lat' dir='ltr'>quibus</span> <span class='ocrx_word' id='word_1_90' title='bbox 613 1786 651 1846; x_wconf 87' lang='lat' dir='ltr'>ad</span> <span class='ocrx_word' id='word_1_91' title='bbox 674 1807 806 1867; x_wconf 84' lang='lat' dir='ltr'>pugnam</span> <span class='ocrx_word' id='word_1_92' title='bbox 829 1808 896 1846; x_wconf 90' lang='lat' dir='ltr'>cum</span> <span class='ocrx_word' id='word_1_93' title='bbox 925 1787 1062 1847; x_wconf 86' lang='lat' dir='ltr'>Menelao</span> <span class='ocrx_word' id='word_1_94' title='bbox 1077 1786 1238 1847; x_wconf 81' lang='lat' dir='ltr'>ineundam</span> <span class='ocrx_word' id='word_1_95' title='bbox 1252 1794 1374 1865; x_wconf 87' lang='lat' dir='ltr'>paratus</span> 
     </span>
    </p>
   </div>
   <div class='ocr_carea' id='block_1_6' title="bbox 208 1895 1374 1982">
    <p class='ocr_par' dir='ltr' id='par_1_8' title="bbox 208 1895 1374 1982">
     <span class='ocr_line' id='line_1_14' title="bbox 208 1895 1374 1982; baseline -0.001 -27"><span class='ocrx_word' id='word_1_96' title='bbox 208 1976 211 1982; x_wconf 90' lang='lat'>.</span> <span class='ocrx_word' id='word_1_97' title='bbox 309 1904 399 1970; x_wconf 88' lang='lat' dir='ltr'>esset,</span> <span class='ocrx_word' id='word_1_98' title='bbox 428 1898 592 1975; x_wconf 79' lang='lat' dir='ltr'>proposuit,</span> <span class='ocrx_word' id='word_1_99' title='bbox 615 1895 741 1956; x_wconf 89' lang='lat' dir='ltr'>cadaver</span> <span class='ocrx_word' id='word_1_100' title='bbox 756 1896 794 1956; x_wconf 91' lang='lat' dir='ltr'>ab</span> <span class='ocrx_word' id='word_1_101' title='bbox 808 1896 937 1956; x_wconf 82' lang='lat' dir='ltr'>Achaeis</span> <span class='ocrx_word' id='word_1_102' title='bbox 963 1899 1100 1957; x_wconf 82' lang='lat' dir='ltr'>Troianis</span> <span class='ocrx_word' id='word_1_103' title='bbox 1125 1896 1219 1956; x_wconf 90' lang='lat' dir='ltr'>reddi.</span> <span class='ocrx_word' id='word_1_104' title='bbox 1271 1895 1374 1956; x_wconf 85' lang='lat' dir='ltr'>Verba</span> 
     </span>
    </p>
   </div>
   <div class='ocr_carea' id='block_1_7' title="bbox 307 2005 591 2065">
    <p class='ocr_par' dir='ltr' id='par_1_9' title="bbox 307 2005 591 2065">
     <span class='ocr_line' id='line_1_15' title="bbox 307 2005 591 2065; baseline 0.004 -2"><span class='ocrx_word' id='word_1_105' title='bbox 307 2013 406 2064; x_wconf 89' lang='lat' dir='ltr'>autem</span> <span class='ocrx_word' id='word_1_106' title='bbox 421 2005 494 2064; x_wconf 88' lang='lat' dir='ltr'>haee</span> <span class='ocrx_word' id='word_1_107' title='bbox 510 2015 591 2065; x_wconf 89' lang='lat' dir='ltr'>sunt:</span> 
     </span>
    </p>
   </div>
   <div class='ocr_carea' id='block_1_8' title="bbox 460 2145 1319 2562">
    <p class='ocr_par' dir='ltr' id='par_1_10' title="bbox 460 2145 1169 2232">
     <span class='ocr_line' id='line_1_16' title="bbox 460 2145 1169 2232; baseline 0.004 -25"><span class='ocrx_word' id='word_1_108' title='bbox 460 2150 485 2208; x_wconf 85' lang='lat' dir='ltr'>ei</span> <span class='ocrx_word' id='word_1_109' title='bbox 501 2145 556 2232; x_wconf 79' lang='grc' dir='ltr'>μέν</span> <span class='ocrx_word' id='word_1_110' title='bbox 571 2167 621 2209; x_wconf 85' lang='grc' dir='ltr'>κεν</span> <span class='ocrx_word' id='word_1_111' title='bbox 638 2145 692 2232; x_wconf 81' lang='grc' dir='ltr'>ἐμὲ</span> <span class='ocrx_word' id='word_1_112' title='bbox 708 2158 803 2221; x_wconf 85' lang='grc' dir='ltr'>κεῖνος</span> <span class='ocrx_word' id='word_1_113' title='bbox 818 2145 875 2229; x_wconf 82' lang='grc' dir='ltr'>ἕλῃ</span> <span class='ocrx_word' id='word_1_114' title='bbox 891 2147 1040 2218; x_wconf 77' lang='grc' dir='ltr'>ταναήκει</span> <span class='ocrx_word' id='word_1_115' title='bbox 1054 2151 1169 2232; x_wconf 86' lang='grc' dir='ltr'>χαλκῷ,</span> 
     </span>
    </p>

    <p class='ocr_par' dir='ltr' id='par_1_11' title="bbox 460 2257 1145 2343">
     <span class='ocr_line' id='line_1_17' title="bbox 460 2257 1145 2343; baseline -0.001 -24"><span class='ocrx_word' id='word_1_116' title='bbox 460 2257 569 2342; x_wconf 80' lang='grc' dir='ltr'>τεύχεα</span> <span class='ocrx_word' id='word_1_117' title='bbox 597 2257 729 2331; x_wconf 73' lang='grc' dir='ltr'>συλήσας</span> <span class='ocrx_word' id='word_1_118' title='bbox 745 2257 860 2343; x_wconf 81' lang='grc' dir='ltr'>φερέτω</span> <span class='ocrx_word' id='word_1_119' title='bbox 877 2257 981 2331; x_wconf 79' lang='grc' dir='ltr'>κοίλας</span> <span class='ocrx_word' id='word_1_120' title='bbox 997 2257 1046 2320; x_wconf 82' lang='grc' dir='ltr'>ἐπὶ</span> <span class='ocrx_word' id='word_1_121' title='bbox 1062 2262 1145 2337; x_wconf 82' lang='grc' dir='ltr'>νῆας,</span> 
     </span>
    </p>

    <p class='ocr_par' dir='ltr' id='par_1_12' title="bbox 461 2359 1319 2562">
     <span class='ocr_line' id='line_1_18' title="bbox 461 2359 1319 2452; baseline 0 -24"><span class='ocrx_word' id='word_1_122' title='bbox 461 2372 551 2452; x_wconf 85' lang='grc' dir='ltr'>σῶμα</span> <span class='ocrx_word' id='word_1_123' title='bbox 566 2360 601 2429; x_wconf 83' lang='grc' dir='ltr'>δὲ</span> <span class='ocrx_word' id='word_1_124' title='bbox 619 2359 715 2429; x_wconf 82' lang='grc' dir='ltr'>οἴκαδ’</span> <span class='ocrx_word' id='word_1_125' title='bbox 735 2364 809 2451; x_wconf 83' lang='grc' dir='ltr'>ἐμὸν</span> <span class='ocrx_word' id='word_1_126' title='bbox 825 2360 951 2451; x_wconf 85' lang='grc' dir='ltr'>δόμεναι</span> <span class='ocrx_word' id='word_1_127' title='bbox 965 2365 1067 2445; x_wconf 81' lang='grc' dir='ltr'>πάλιν,</span> <span class='ocrx_word' id='word_1_128' title='bbox 1084 2365 1160 2450; x_wconf 79' lang='grc' dir='ltr'>ὄφρα</span> <span class='ocrx_word' id='word_1_129' title='bbox 1175 2365 1266 2450; x_wconf 85' lang='grc' dir='ltr'>πυρός</span> <span class='ocrx_word' id='word_1_130' title='bbox 1282 2387 1319 2450; x_wconf 82' lang='grc' dir='ltr'>με</span> 
     </span>
     <span class='ocr_line' id='line_1_19' title="bbox 462 2473 1208 2562; baseline 0 -26"><span class='ocrx_word' id='word_1_131' title='bbox 462 2473 563 2560; x_wconf 80' lang='grc' dir='ltr'>Τρῶες</span> <span class='ocrx_word' id='word_1_132' title='bbox 578 2477 630 2538; x_wconf 89' lang='grc' dir='ltr'>καὶ</span> <span class='ocrx_word' id='word_1_133' title='bbox 646 2474 760 2562; x_wconf 81' lang='grc' dir='ltr'>Τρώων</span> <span class='ocrx_word' id='word_1_134' title='bbox 777 2475 883 2560; x_wconf 84' lang='grc' dir='ltr'>ἄλοχοι</span> <span class='ocrx_word' id='word_1_135' title='bbox 897 2473 1049 2561; x_wconf 79' lang='grc' dir='ltr'>λελάχωσι</span> <span class='ocrx_word' id='word_1_136' title='bbox 1064 2475 1208 2539; x_wconf 80' lang='grc' dir='ltr'>θανόντα.</span> 
     </span>
    </p>
   </div>
   <div class='ocr_carea' id='block_1_9' title="bbox 308 2619 1381 3140">
    <p class='ocr_par' dir='ltr' id='par_1_13' title="bbox 308 2619 1381 3140">
     <span class='ocr_line' id='line_1_20' title="bbox 374 2619 1377 2697; baseline -0.002 -17"><span class='ocrx_word' id='word_1_137' title='bbox 374 2621 489 2680; x_wconf 87' lang='lat' dir='ltr'>Hector</span> <span class='ocrx_word' id='word_1_138' title='bbox 508 2641 578 2681; x_wconf 84' lang='lat' dir='ltr'>vero</span> <span class='ocrx_word' id='word_1_139' title='bbox 600 2643 669 2682; x_wconf 89' lang='lat' dir='ltr'>cum</span> <span class='ocrx_word' id='word_1_140' title='bbox 690 2621 728 2682; x_wconf 86' lang='lat' dir='ltr'>ab</span> <span class='ocrx_word' id='word_1_141' title='bbox 742 2620 863 2681; x_wconf 83' lang='lat' dir='ltr'>Achille</span> <span class='ocrx_word' id='word_1_142' title='bbox 885 2622 1057 2682; x_wconf 88' lang='lat' dir='ltr'>interfectus</span> <span class='ocrx_word' id='word_1_143' title='bbox 1080 2629 1165 2697; x_wconf 88' lang='lat' dir='ltr'>esset,</span> <span class='ocrx_word' id='word_1_144' title='bbox 1180 2623 1316 2681; x_wconf 90' lang='lat' dir='ltr'>Priamus</span> <span class='ocrx_word' id='word_1_145' title='bbox 1338 2619 1377 2679; x_wconf 91' lang='lat' dir='ltr'>ad</span> 
     </span>
     <span class='ocr_line' id='line_1_21' title="bbox 308 2730 1378 2807; baseline 0 -19"><span class='ocrx_word' id='word_1_146' title='bbox 308 2730 394 2790; x_wconf 91' lang='lat' dir='ltr'>illum</span> <span class='ocrx_word' id='word_1_147' title='bbox 419 2749 482 2792; x_wconf 85' lang='lat' dir='ltr'>sese</span> <span class='ocrx_word' id='word_1_148' title='bbox 505 2733 643 2807; x_wconf 87' lang='lat' dir='ltr'>contulit,</span> <span class='ocrx_word' id='word_1_149' title='bbox 665 2741 699 2792; x_wconf 91' lang='lat' dir='ltr'>ut</span> <span class='ocrx_word' id='word_1_150' title='bbox 725 2731 854 2791; x_wconf 87' lang='lat' dir='ltr'>cadaver</span> <span class='ocrx_word' id='word_1_151' title='bbox 885 2733 993 2791; x_wconf 92' lang='lat' dir='ltr'>mortui</span> <span class='ocrx_word' id='word_1_152' title='bbox 1017 2732 1072 2790; x_wconf 88' lang='lat' dir='ltr'>filii</span> <span class='ocrx_word' id='word_1_153' title='bbox 1093 2732 1258 2792; x_wconf 88' lang='lat' dir='ltr'>redimeret.</span> <span class='ocrx_word' id='word_1_154' title='bbox 1303 2731 1378 2806; x_wconf 79' lang='lat' dir='ltr'>Quis</span> 
     </span>
     <span class='ocr_line' id='line_1_22' title="bbox 310 2840 1376 2920; baseline 0.001 -22"><span class='ocrx_word' id='word_1_155' title='bbox 310 2841 390 2899; x_wconf 90' lang='lat' dir='ltr'>enim</span> <span class='ocrx_word' id='word_1_156' title='bbox 405 2850 459 2915; x_wconf 88' lang='lat' dir='ltr'>est,</span> <span class='ocrx_word' id='word_1_157' title='bbox 474 2843 525 2920; x_wconf 91' lang='lat' dir='ltr'>qui</span> <span class='ocrx_word' id='word_1_158' title='bbox 540 2844 660 2917; x_wconf 89' lang='lat' dir='ltr'>nesciat,</span> <span class='ocrx_word' id='word_1_159' title='bbox 676 2844 709 2902; x_wconf 91' lang='lat' dir='ltr'>in</span> <span class='ocrx_word' id='word_1_160' title='bbox 722 2842 782 2901; x_wconf 88' lang='lat' dir='ltr'>fine</span> <span class='ocrx_word' id='word_1_161' title='bbox 796 2842 886 2901; x_wconf 90' lang='lat' dir='ltr'>totius</span> <span class='ocrx_word' id='word_1_162' title='bbox 901 2840 1006 2900; x_wconf 88' lang='lat' dir='ltr'>Iliadis</span> <span class='ocrx_word' id='word_1_163' title='bbox 1021 2841 1058 2902; x_wconf 90' lang='lat' dir='ltr'>de</span> <span class='ocrx_word' id='word_1_164' title='bbox 1072 2843 1118 2901; x_wconf 90' lang='lat' dir='ltr'>his</span> <span class='ocrx_word' id='word_1_165' title='bbox 1133 2841 1220 2901; x_wconf 88' lang='lat' dir='ltr'>rebus</span> <span class='ocrx_word' id='word_1_166' title='bbox 1234 2842 1293 2918; x_wconf 83' lang='lat' dir='ltr'>agi,</span> <span class='ocrx_word' id='word_1_167' title='bbox 1309 2843 1376 2920; x_wconf 90' lang='lat' dir='ltr'>quis</span> 
     </span>
     <span class='ocr_line' id='line_1_23' title="bbox 312 2950 1379 3030; baseline 0.002 -23"><span class='ocrx_word' id='word_1_168' title='bbox 312 2957 356 3008; x_wconf 90' lang='lat' dir='ltr'>est</span> <span class='ocrx_word' id='word_1_169' title='bbox 382 2951 429 3008; x_wconf 93' lang='lat' dir='ltr'>cui</span> <span class='ocrx_word' id='word_1_170' title='bbox 453 2954 565 3011; x_wconf 92' lang='lat' dir='ltr'>nonin</span> <span class='ocrx_word' id='word_1_171' title='bbox 591 2961 722 3012; x_wconf 88' lang='lat' dir='ltr'>mentem</span> <span class='ocrx_word' id='word_1_172' title='bbox 746 2952 856 3024; x_wconf 90' lang='lat' dir='ltr'>veniat,</span> <span class='ocrx_word' id='word_1_173' title='bbox 876 2950 1028 3010; x_wconf 84' lang='lat' dir='ltr'>Priamum</span> <span class='ocrx_word' id='word_1_174' title='bbox 1043 2973 1061 3010; x_wconf 91' lang='lat' dir='ltr'>a</span> <span class='ocrx_word' id='word_1_175' title='bbox 1074 2953 1223 3012; x_wconf 88' lang='lat' dir='ltr'>Mercurio</span> <span class='ocrx_word' id='word_1_176' title='bbox 1249 2953 1313 3030; x_wconf 91' lang='lat' dir='ltr'>ipso</span> <span class='ocrx_word' id='word_1_177' title='bbox 1339 2951 1379 3009; x_wconf 89' lang='lat' dir='ltr'>ad</span> 
     </span>
     <span class='ocr_line' id='line_1_24' title="bbox 312 3057 1381 3140; baseline 0.004 -24"><span class='ocrx_word' id='word_1_178' title='bbox 312 3057 463 3119; x_wconf 89' lang='lat' dir='ltr'>Achillem</span> <span class='ocrx_word' id='word_1_179' title='bbox 487 3060 609 3121; x_wconf 87' lang='lat' dir='ltr'>ductum</span> <span class='ocrx_word' id='word_1_180' title='bbox 632 3062 717 3122; x_wconf 78' lang='lat' dir='ltr'>esse?</span> <span class='ocrx_word' id='word_1_181' title='bbox 744 3062 805 3119; x_wconf 90' lang='lat' dir='ltr'>Hic</span> <span class='ocrx_word' id='word_1_182' title='bbox 830 3068 928 3120; x_wconf 89' lang='lat' dir='ltr'>autem</span> <span class='ocrx_word' id='word_1_183' title='bbox 943 3060 1079 3120; x_wconf 87' lang='lat' dir='ltr'>Thetidis</span> <span class='ocrx_word' id='word_1_184' title='bbox 1102 3061 1176 3120; x_wconf 85' lang='lat' dir='ltr'>deae</span> <span class='ocrx_word' id='word_1_185' title='bbox 1201 3063 1281 3120; x_wconf 90' lang='lat' dir='ltr'>iussu</span> <span class='ocrx_word' id='word_1_186' title='bbox 1308 3081 1381 3140; x_wconf 92' lang='lat' dir='ltr'>opus</span> 
     </span>
    </p>
   </div>
   <div class='ocr_carea' id='block_1_10' title="bbox 315 3169 1382 3358">
    <p class='ocr_par' dir='ltr' id='par_1_14' title="bbox 315 3169 1382 3358">
     <span class='ocr_line' id='line_1_25' title="bbox 315 3169 1382 3249; baseline 0.001 -22"><span class='ocrx_word' id='word_1_187' title='bbox 315 3177 388 3243; x_wconf 91' lang='lat' dir='ltr'>erat,</span> <span class='ocrx_word' id='word_1_188' title='bbox 413 3190 471 3249; x_wconf 94' lang='lat' dir='ltr'>quo</span> <span class='ocrx_word' id='word_1_189' title='bbox 494 3170 613 3230; x_wconf 92' lang='lat' dir='ltr'>demum</span> <span class='ocrx_word' id='word_1_190' title='bbox 634 3171 768 3231; x_wconf 86' lang='lat' dir='ltr'>Achilles</span> <span class='ocrx_word' id='word_1_191' title='bbox 791 3178 952 3230; x_wconf 87' lang='lat' dir='ltr'>commotus</span> <span class='ocrx_word' id='word_1_192' title='bbox 975 3179 1027 3244; x_wconf 90' lang='lat' dir='ltr'>est,</span> <span class='ocrx_word' id='word_1_193' title='bbox 1053 3180 1087 3229; x_wconf 91' lang='lat' dir='ltr'>ut</span> <span class='ocrx_word' id='word_1_194' title='bbox 1101 3172 1239 3230; x_wconf 88' lang='lat' dir='ltr'>Hectoris</span> <span class='ocrx_word' id='word_1_195' title='bbox 1254 3169 1382 3229; x_wconf 87' lang='lat' dir='ltr'>cadaver</span> 
     </span>
     <span class='ocr_line' id='line_1_26' title="bbox 316 3275 1021 3358; baseline 0.003 -22"><span class='ocrx_word' id='word_1_196' title='bbox 316 3278 463 3354; x_wconf 90' lang='lat' dir='ltr'>redderet,</span> <span class='ocrx_word' id='word_1_197' title='bbox 479 3280 517 3338; x_wconf 89' lang='lat' dir='ltr'>cf.</span> <span class='ocrx_word' id='word_1_198' title='bbox 534 3275 568 3338; x_wconf 88' lang='grc' dir='ltr'>Ω</span> <span class='ocrx_word' id='word_1_199' title='bbox 586 3284 654 3354; x_wconf 89' lang='lat'>137,</span> <span class='ocrx_word' id='word_1_200' title='bbox 671 3281 722 3339; x_wconf 91' lang='lat' dir='ltr'>ubi</span> <span class='ocrx_word' id='word_1_201' title='bbox 736 3281 841 3340; x_wconf 82' lang='lat' dir='ltr'>Thetis</span> <span class='ocrx_word' id='word_1_202' title='bbox 855 3282 920 3358; x_wconf 90' lang='lat' dir='ltr'>ipsa</span> <span class='ocrx_word' id='word_1_203' title='bbox 935 3280 1021 3338; x_wconf 89' lang='lat' dir='ltr'>dicit:</span> 
     </span>
    </p>
   </div>
   <div class='ocr_carea' id='block_1_11' title="bbox 466 3405 1199 3499">
    <p class='ocr_par' dir='ltr' id='par_1_15' title="bbox 466 3405 1199 3499">
     <span class='ocr_line' id='line_1_27' title="bbox 466 3405 1199 3499; baseline 0 -26"><span class='ocrx_word' id='word_1_204' title='bbox 466 3412 533 3473; x_wconf 85' lang='grc' dir='ltr'>ἀλλ’</span> <span class='ocrx_word' id='word_1_205' title='bbox 554 3411 610 3499; x_wconf 83' lang='grc' dir='ltr'>ἄγε</span> <span class='ocrx_word' id='word_1_206' title='bbox 625 3406 663 3482; x_wconf 76' lang='grc' dir='ltr'>διδ</span> <span class='ocrx_word' id='word_1_207' title='bbox 678 3415 780 3485; x_wconf 81' lang='grc' dir='ltr'>λῦσον,</span> <span class='ocrx_word' id='word_1_208' title='bbox 795 3422 911 3497; x_wconf 79' lang='grc' dir='ltr'>νεκροῖο</span> <span class='ocrx_word' id='word_1_209' title='bbox 928 3406 963 3474; x_wconf 86' lang='grc' dir='ltr'>δὲ</span> <span class='ocrx_word' id='word_1_210' title='bbox 978 3405 1064 3490; x_wconf 81' lang='grc' dir='ltr'>δέξαι</span> <span class='ocrx_word' id='word_1_211' title='bbox 1080 3412 1199 3475; x_wconf 84' lang='grc' dir='ltr'>ἄποινα.</span> 
     </span>
    </p>
   </div>
   <div class='ocr_carea' id='block_1_12' title="bbox 316 3548 1448 4066">
    <p class='ocr_par' dir='ltr' id='par_1_16' title="bbox 316 3548 1448 4066">
     <span class='ocr_line' id='line_1_28' title="bbox 383 3548 1386 3629; baseline 0.001 -21"><span class='ocrx_word' id='word_1_212' title='bbox 383 3548 495 3608; x_wconf 87' lang='lat' dir='ltr'>Notum</span> <span class='ocrx_word' id='word_1_213' title='bbox 509 3558 610 3608; x_wconf 91' lang='lat' dir='ltr'>autem</span> <span class='ocrx_word' id='word_1_214' title='bbox 625 3557 677 3623; x_wconf 89' lang='lat' dir='ltr'>est,</span> <span class='ocrx_word' id='word_1_215' title='bbox 692 3548 842 3608; x_wconf 86' lang='lat' dir='ltr'>Achillem</span> <span class='ocrx_word' id='word_1_216' title='bbox 857 3550 1046 3610; x_wconf 84' lang='lat' dir='ltr'>vehementer</span> <span class='ocrx_word' id='word_1_217' title='bbox 1061 3557 1185 3629; x_wconf 88' lang='lat' dir='ltr'>optasse,</span> <span class='ocrx_word' id='word_1_218' title='bbox 1201 3558 1234 3609; x_wconf 92' lang='lat' dir='ltr'>ut</span> <span class='ocrx_word' id='word_1_219' title='bbox 1248 3551 1386 3610; x_wconf 87' lang='lat' dir='ltr'>Hectoris</span> 
     </span>
     <span class='ocr_line' id='line_1_29' title="bbox 317 3657 1384 3740; baseline 0.003 -24"><span class='ocrx_word' id='word_1_220' title='bbox 317 3657 446 3717; x_wconf 85' lang='lat' dir='ltr'>cad-aver</span> <span class='ocrx_word' id='word_1_221' title='bbox 459 3658 627 3719; x_wconf 82' lang='lat' dir='ltr'>laederetur</span> <span class='ocrx_word' id='word_1_222' title='bbox 641 3667 671 3718; x_wconf 85' lang='lat' dir='ltr'>et</span> <span class='ocrx_word' id='word_1_223' title='bbox 685 3661 717 3718; x_wconf 93' lang='lat' dir='ltr'>in</span> <span class='ocrx_word' id='word_1_224' title='bbox 733 3660 912 3719; x_wconf 89' lang='lat' dir='ltr'>carminibus</span> <span class='ocrx_word' id='word_1_225' title='bbox 926 3659 1082 3719; x_wconf 88' lang='lat' dir='ltr'>homericis</span> <span class='ocrx_word' id='word_1_226' title='bbox 1096 3659 1182 3732; x_wconf 89' lang='lat' dir='ltr'>tradi,</span> <span class='ocrx_word' id='word_1_227' title='bbox 1203 3681 1292 3740; x_wconf 91' lang='lat' dir='ltr'>quam</span> <span class='ocrx_word' id='word_1_228' title='bbox 1306 3660 1384 3720; x_wconf 85' lang='lat' dir='ltr'>male</span> 
     </span>
     <span class='ocr_line' id='line_1_30' title="bbox 316 3763 1384 3848; baseline 0.003 -23"><span class='ocrx_word' id='word_1_229' title='bbox 316 3767 452 3827; x_wconf 85' lang='lat' dir='ltr'>Achilles</span> <span class='ocrx_word' id='word_1_230' title='bbox 467 3769 605 3828; x_wconf 88' lang='lat' dir='ltr'>Hectoris</span> <span class='ocrx_word' id='word_1_231' title='bbox 620 3768 747 3828; x_wconf 85' lang='lat' dir='ltr'>cadaver</span> <span class='ocrx_word' id='word_1_232' title='bbox 769 3772 949 3844; x_wconf 88' lang='lat' dir='ltr'>tractaverit,</span> <span class='ocrx_word' id='word_1_233' title='bbox 966 3770 1004 3828; x_wconf 88' lang='lat' dir='ltr'>cf.</span> <span class='ocrx_word' id='word_1_234' title='bbox 1022 3763 1055 3827; x_wconf 89' lang='grc' dir='ltr'>Ω</span> <span class='ocrx_word' id='word_1_235' title='bbox 1073 3772 1111 3828; x_wconf 84' lang='grc'>17</span> <span class='ocrx_word' id='word_1_236' title='bbox 1134 3789 1196 3848; x_wconf 85' lang='lat' dir='ltr'>sqq.</span> <span class='ocrx_word' id='word_1_237' title='bbox 1241 3768 1384 3848; x_wconf 79' lang='lat' dir='ltr'>Captivos</span> 
     </span>
     <span class='ocr_line' id='line_1_31' title="bbox 317 3867 1448 3958; baseline 0.001 -22"><span class='ocrx_word' id='word_1_238' title='bbox 317 3885 416 3936; x_wconf 85' lang='lat' dir='ltr'>autem</span> <span class='ocrx_word' id='word_1_239' title='bbox 437 3878 542 3937; x_wconf 88' lang='lat' dir='ltr'>redimi</span> <span class='ocrx_word' id='word_1_240' title='bbox 562 3880 691 3957; x_wconf 90' lang='lat' dir='ltr'>potuisse</span> <span class='ocrx_word' id='word_1_241' title='bbox 714 3897 750 3938; x_wconf 85' lang='lat' dir='ltr'>ex</span> <span class='ocrx_word' id='word_1_242' title='bbox 772 3879 871 3939; x_wconf 90' lang='lat' dir='ltr'>verbis</span> <span class='ocrx_word' id='word_1_243' title='bbox 892 3880 929 3939; x_wconf 91' lang='lat' dir='ltr'>de</span> <span class='ocrx_word' id='word_1_244' title='bbox 945 3879 1085 3958; x_wconf 84' lang='lat' dir='ltr'>Lycaone</span> <span class='ocrx_word' id='word_1_245' title='bbox 1104 3878 1142 3937; x_wconf 89' lang='lat' dir='ltr'>ab</span> <span class='ocrx_word' id='word_1_246' title='bbox 1156 3877 1276 3939; x_wconf 89' lang='lat' dir='ltr'>Achille</span> <span class='ocrx_word' id='word_1_247' title='bbox 1298 3887 1385 3958; x_wconf 87' lang='lat' dir='ltr'>capto</span> <span class='ocrx_word' id='word_1_248' title='bbox 1443 3867 1448 3876; x_wconf 71' lang='grc'><strong>’</strong></span> 
     </span>
     <span class='ocr_line' id='line_1_32' title="bbox 319 3984 773 4066; baseline 0.004 -22"><span class='ocrx_word' id='word_1_249' title='bbox 319 3987 405 4044; x_wconf 86' lang='lat' dir='ltr'>dictis</span> <span class='ocrx_word' id='word_1_250' title='bbox 421 3996 543 4066; x_wconf 85' lang='lat' dir='ltr'>apparet</span> <span class='ocrx_word' id='word_1_251' title='bbox 559 3988 596 4047; x_wconf 85' lang='lat' dir='ltr'>cf.</span> <span class='ocrx_word' id='word_1_252' title='bbox 613 3984 646 4046; x_wconf 86' lang='grc' dir='ltr'>Φ</span> <span class='ocrx_word' id='word_1_253' title='bbox 662 3991 702 4048; x_wconf 88' lang='grc'>40</span> <span class='ocrx_word' id='word_1_254' title='bbox 718 4008 773 4066; x_wconf 91' lang='lat' dir='ltr'>sqq</span> 
     </span>
    </p>
   </div>
   <div class='ocr_carea' id='block_1_13' title="bbox 0 0 1628 4898">
    <p class='ocr_par' dir='ltr' id='par_1_17' title="bbox 0 0 1628 4898">
     <span class='ocr_line' id='line_1_33' title="bbox 0 0 1628 4898; baseline 0 0"><span class='ocrx_word' id='word_1_255' title='bbox 0 0 1628 4898; x_wconf 95' lang='lat' dir='ltr'> </span> 
     </span>
    </p>
   </div>
  </div>
 </body>
</html>
