3176 4898
220 1453 398 1582 Unicuique
423 1504 473 1581 qui
488 1501 576 1564 rebus
591 1501 714 1561 Graecis
730 1520 849 1580 operam
865 1498 987 1558 daturus
1003 1509 1055 1576 est,
1077 1523 1094 1561 a
1111 1503 1289 1562 carminibus

218 1615 380 1680 homericis
396 1612 599 1691 incipiendum
622 1632 692 1682 esse,
716 1631 802 1670 nemo
822 1618 866 1668 est
887 1613 937 1688 qui
958 1611 1109 1672 infitietur.
1148 1611 1289 1672 Carmina

218 1726 299 1784 enim
315 1724 463 1782 homerica
478 1731 594 1803 constat
608 1724 686 1780 inter
701 1739 801 1779 omnes
817 1722 1035 1799 antiquissimos
1051 1742 1113 1780 esse
1128 1723 1233 1798 fontes,
1249 1744 1287 1782 ex

218 1834 327 1912 quibus
349 1833 482 1908 intellegi
506 1834 609 1911 possit,
634 1831 729 1909 qualis
752 1838 849 1888 aetate
871 1831 991 1889 heroica
1015 1865 1057 1874 —
1083 1841 1115 1890 ut
1138 1834 1222 1890 aiunt
1247 1867 1288 1876 —-

188 1937 189 1940 ¹
219 1944 401 2003 Graecorum
427 1951 520 2000 status
545 1943 642 2000 fuerit.
693 1940 753 2014 Qui
772 1940 891 2019 quidem
913 1939 1094 2000 Graecorum
1114 1950 1207 2001 status
1229 1945 1288 2002 iam

219 2064 281 2112 tam
295 2053 432 2112 excultus
447 2061 501 2126 est,
517 2061 548 2110 ut
564 2072 677 2110 summo
693 2053 756 2110 iure
772 2051 876 2127 negari
886 2052 987 2129 possit,
1002 2071 1049 2110 res
1064 2054 1096 2110 in
1109 2054 1287 2112 carminibus

218 2164 373 2222 homericis
389 2170 521 2220 narratas
537 2161 718 2221 Graecarum
733 2181 829 2220 rerum
846 2181 909 2220 esse
932 2163 1158 2238 antiquissimas.
1196 2163 1287 2241 Equi·

217 2272 288 2332 dem
309 2274 365 2330 hac
386 2273 417 2329 in
437 2293 468 2330 re
489 2291 606 2350 prorsus
623 2272 835 2330 Senonunuuo
855 2271 1012 2344 assentior,
1038 2272 1088 2349 qui
1110 2274 1142 2330 in
1168 2271 1287 2332 Griech.

220 2383 349 2442 Alterth.
366 2383 424 2440 vol.
445 2383 566 2459 111113
582 2389 690 2454 censet,
707 2382 800 2439 resin
816 2379 995 2438 carminibus
1011 2383 1165 2440 homericis
1181 2381 1288 2440 descri-

219 2501 285 2570 ptas
297 2493 442 2570 poeticam
451 2523 492 2532 -
501 2499 534 2550 ut
544 2493 584 2550 ita
598 2491 694 2550 dicam
707 2492 919 2567 —imaginem
936 2493 1041 2549 aetatis
1055 2493 1189 2551 heroicae
1205 2495 1295 2570 prae-⁶

219 2601 296 2660 bere.
341 2601 485 2659 Attamen
511 2621 578 2659 cnm
604 2621 641 2660 ex
666 2603 731 2660 aliis
755 2600 887 2665 fontibus
910 2602 962 2658 vix
986 2601 1150 2680 quidquam
1171 2603 1288 2662 haurire

219 2713 372 2790 possimus,
399 2712 531 2769 contenti
557 2713 647 2770 simus
673 2730 793 2770 necesse
819 2712 932 2782 estiis,
956 2731 1032 2789 quae
1054 2713 1086 2771 in
1109 2712 1289 2771 carminibus

218 2822 372 2880 homericis
384 2829 581 2898 exponuntur.
613 2822 677 2880 Nec
690 2820 819 2892 deerant,
833 2822 882 2898 qui
895 2841 933 2879 ex
945 2821 1123 2880 carminibus
1134 2823 1289 2882 homericis

219 2933 323 2990 aetatis
339 2951 428 3008 quam
444 2931 545 2988 dicunt
560 2933 695 2990 heroicae
707 2939 816 2989 statum
828 2950 930 2990 eruere
943 2930 1103 2990 studerent.
1133 2931 1198 2990 Iam
1211 2953 1288 2991 anno

221 3041 524 3099 161110111111100
539 3041 640 3098 Fama
652 3042 862 3120 antiquitatum
875 3043 1087 3100 homericarum
1102 3041 1191 3099 libros
1204 3051 1288 3120 quat-

218 3161 284 3210 tuor
294 3150 396 3210 edidit.
450 3149 487 3209 ed
500 3153 661 3228 quaeritur,
676 3171 748 3210 num
759 3149 847 3208 hodie
858 3169 974 3228 quoque
985 3170 1091 3228 operae
1103 3153 1230 3229 pretium
1242 3153 1287 3227 sit,

219 3262 410 3339 antiquitates
425 3262 587 3319 homericas
601 3259 753 3337 indagare.
795 3259 871 3320 eum
887 3261 965 3318 enim
986 3261 1073 3320 hodie
1094 3261 1131 3321 de
1152 3264 1289 3321 carmini-

219 3371 273 3429 bus
300 3351 455 3430 homericis
477 3358 554 3430 inter
576 3372 654 3430 viros
673 3370 855 3430 doctissimos
880 3391 994 3430 summa
1018 3373 1056 3430 sit
1079 3371 1234 3446 dissensi0,
1250 3373 1289 3440 *ei

219 3483 270 3560 qui
285 3482 440 3540 homericis
456 3480 588 3538 versibus
603 3501 707 3540 usurus
723 3489 779 3554 est,
804 3488 856 3538 aut
875 3482 961 3539 multi
984 3482 1139 3542 omittendi
1154 3490 1223 3540 sunt
1238 3491 1289 3540 aut

219 3593 338 3649 omnino
353 3591 383 3648 id
398 3592 693 3669 praetermittendum
709 3600 761 3664 est,
776 3590 856 3669 quod
871 3611 973 3650 versus
984 3594 1142 3672 posteriore
1157 3600 1289 3672 tempore

218 3701 312 3760 additi
329 3710 404 3760 sunt.
451 3701 600 3759 Neevero
620 3702 724 3760 issum
744 3703 794 3779 qui
814 3701 911 3760 dicam
932 3702 1014 3760 illam
1035 3704 1236 3780 quaestionem
1252 3702 1290 3761 de

218 3810 350 3870 versibus
367 3812 471 3889 spuriis
486 3810 618 3870 habitam
642 3833 659 3869 a
680 3812 763 3870 nobis
777 3812 906 3870 maxime
930 3831 993 3871 0000
1007 3811 1222 3892 respiciendam
1238 3812 1290 3872 sed

218 3929 334 3980 tantum
350 3921 516 3979 cavendum
528 3942 591 3980 esse
603 3943 717 3996 censeo,
732 3943 770 3982 ne
785 3921 918 3980 versibus
933 3923 982 4000 qui
1000 3943 1018 3981 a
1032 3924 1103 3982 viris
1119 3923 1214 3983 doctis
1230 3944 1290 3983 001-

217 4033 337 4090 tissimis
353 4033 534 4108 argumentis
551 4032 644 4090 additi
659 4052 722 4090 esse
737 4031 908 4111 probantur,
924 4043 1104 4092 momentum
1116 4033 1286 4097 tribuamus
