3176 4898
817 305 858 370 52

738 392 940 400 --———--—-

304 493 416 552 tissime
431 500 562 571 apparot,
586 491 715 554 Graecos
730 495 869 553 societate
884 495 1055 554 coniunctos
1070 497 1182 556 fuisso?
1225 497 1274 556 Ibi
1293 500 1373 558 enim

305 602 410 662 Ulixes
425 601 554 664 Graecos
569 611 736 663 retenturus
750 605 824 663 haec
840 603 929 663 dixit:

454 704 609 796 Ἀτρείδη,
625 716 675 773 νῦν
691 703 728 782 δή
747 733 789 788 σε,
805 701 893 791 ἄναξ,
908 710 1059 774 ἐθέλουσιν
1073 711 1193 799 Ἀχαιοί

456 828 547 882 πᾶσιν
563 821 739 909 ἐλέγχιστον
756 819 879 907 θέμεναι
895 821 1053 907 μερόπεσσι
1064 824 1221 909 βροτοῖσιν,

458 922 528 991 οὐδέ
544 953 592 992 τοι
608 931 787 994 έκτελέουσν
803 931 961 1016 ὑπόσχεσιν
977 931 1014 1002 ’ἥν
1030 955 1086 1018 περ
1102 932 1237 996 ὑπέσταν

458 1031 555 1100 ἐνθάδ’
576 1043 622 1101 ἔτι
637 1039 806 1125 στείχοντες
821 1041 870 1104 ἀπ’
884 1039 1014 1129 ’Ἄργεος
1028 1042 1215 1124 ἱπποβότοιο,

452 1147 547 1210 Ἴλιον
563 1149 738 1237 ἐκπέρσαντ’
758 1150 906 1236 εὐτείχεον
921 1151 1108 1215 ἀπονέεσθαι.

369 1262 427 1320 His
443 1269 541 1320 autem
557 1262 655 1322 verbis
675 1264 802 1343 probari,
823 1264 954 1324 Graecos
973 1284 1040 1323 oum
1059 1265 1284 1342 Agamemnone
1306 1287 1374 1325 oon-

305 1372 430 1430 sooiatos
445 1372 544 1447 fuisse,
565 1376 617 1433 vix
637 1382 681 1434 est
701 1373 780 1453 quod
799 1393 942 1434 moneam.
984 1373 1072 1434 Adde
1087 1374 1166 1454 quod
1181 1375 1282 1454 paullo
1296 1374 1376 1433 infra

307 1485 332 1548 B
349 1492 409 1550 339
426 1510 480 1569 sqq
494 1489 603 1547 Nestor
617 1488 691 1546 haeo
706 1485 796 1543 dixit:

458 1602 502 1678 πῇ
515 1584 553 1664 dri
568 1592 717 1657 συνθεσίαι
731 1615 767 1655 τε
781 1592 833 1655 καὶ
848 1590 933 1678 ὅρκια
947 1591 1073 1673 βήσεται
1087 1591 1171 1676 ἥμινς

460 1691 491 1770 έν
507 1705 576 1792 πυρὶ
591 1697 629 1774 δὴ
646 1702 752 1784 βουλαί
767 1726 802 1767 τε
817 1702 958 1790 γενοίατο
974 1695 1073 1788 μήδεά
1089 1701 1114 1762 τ’
1135 1695 1254 1787 ἀνδρῶν

458 1809 587 1879 σπονδαί
602 1815 627 1876 τ’
645 1813 771 1899 ἄκρητοι
786 1813 838 1875 καὶ
853 1805 958 1894 δεξιαί,
973 1803 1008 1896 ἧς
1023 1808 1193 1897 ἐπέπιθμεν.

371 1928 437 2003 Quo
452 1929 516 1987 loeo
531 1928 606 1986 bene
617 1927 740 1986 Faesius
755 1934 862 1999 censet,
879 1924 955 1983 illud
969 1925 1144 2003 promissum
1159 1931 1376 1983 sacramentum

306 2038 454 2118 quoddam
469 2039 573 2098 fuisse:
600 2035 678 2094 dixit
697 2037 776 2094 enim
795 2031 972 2119 1.1.,,όριιια
994 2033 1062 2092 sind
1083 2033 1131 2092 die
1147 2035 1207 2092 ’286
1223 2044 1375 2110 genaunte

305 2144 476 2232 ὑποσχέσις,
501 2148 567 2208 eine
588 2146 645 2205 Art
665 2145 841 2205 Fahneneid
864 2145 1104 2220 (sacramentum)
1127 2144 1182 2201 auf
1201 2141 1377 2221 Grundlage

305 2259 385 2317 eines
400 2257 589 2334 froiwilligen
604 2257 794 2332 Vertrages.“

368 2368 435 2427 Iam
460 2387 530 2427 vero
558 2368 723 2446 quaeritur,
754 2387 901 2446 quaenam
927 2367 1046 2425 omnino
1071 2366 1216 2424 sociorum
1242 2362 1377 2422 condicio

304 2477 402 2536 fuerit.
446 2476 543 2556 Supra
562 2477 622 2536 iam
641 2484 899 2535 commemoratum
924 2484 981 2548 est,
1009 2473 1159 2533 Achillem
1181 2473 1322 2534 acerrime
1343 2474 1376 2532 in

304 2586 560 2664 Agamemnonem
575 2586 677 2645 invehi
699 2586 802 2646 videri.
848 2585 907 2646 Sed
927 2585 1046 2645 videtur
1065 2591 1195 2642 tantum:
1218 2604 1288 2642 nam
1308 2601 1376 2642 mea

304 2697 424 2777 quidem
446 2697 594 2756 sententia
612 2695 747 2756 Achilles
768 2717 819 2756 sno
843 2697 907 2755 iure
934 2695 1189 2772 Agamemnonem
1212 2693 1264 2751 illo
1287 2662 1375 2752 mddo

304 2809 450 2867 tractavit
496 2808 632 2887 Apparet
647 2815 760 2881 autem,
781 2806 1050 2882 Agamemnonem,
1072 2805 1096 2862 si
1112 2802 1246 2862 Achilles
1265 2803 1376 2881 quippe

305 2919 353 2976 oui
367 2918 463 2976 minor
476 2925 606 2996 potestas
621 2925 706 2989 esset,
727 2916 847 2995 obsequi
862 2914 1019 2988 debuisset,
1041 2935 1102 2973 non
1120 2913 1172 2971 illo
1192 2912 1278 2971 modo
1293 2920 1374 2971 aetu-

304 3049 369 3086 rum
383 3028 482 3102 fuisse,
499 3035 533 3086 ut
546 3026 635 3087 finem
651 3047 736 3084 suum
752 3033 961 3104 assequeretur.
997 3025 1102 3104 Neque
1117 2998 1251 3081 Aodillos
1266 3023 1375 3082 audere

304 3139 412 3216 potuit,
433 3157 500 3197 eum
519 3136 571 3217 qui
591 3136 726 3196 omnibus
746 3134 869 3195 ducibus
888 3137 1021 3214 potentia
1041 3143 1070 3193 et
1092 3134 1267 3192 auctoritate
1289 3151 1373 3212 prae·

304 3254 406 3320 staret,
430 3247 481 3306 illo
501 3249 661 3326 asperrimo
680 3246 766 3305 modo
785 3254 921 3305 tractare.
966 3245 1026 3304 Res
1046 3253 1144 3304 autem
1165 3243 1230 3317 illa,
1258 3242 1294 3302 de
1314 3262 1375 3321 qua

304 3358 410 3434 agitur,
427 3357 498 3414 satis
512 3364 583 3416 nota
597 3365 649 3416 est.
693 3354 881 3432 Agamemno
901 3355 980 3414 enim
995 3354 1165 3433 postulavit,
1186 3361 1220 3412 ut
1238 3352 1374 3412 Achilles

304 3466 439 3526 Briseida
453 3463 603 3540 redderet,
623 3472 780 3546 propterea
798 3464 877 3545 quod
901 3463 1029 3544 Chryses
1049 3463 1141 3524 filiam
1164 3482 1245 3522 suam
1266 3465 1372 3542 repeti·

302 3586 401 3638 verat:
416 3575 639 3657 qnam‘quidem
653 3575 784 3656 puellam
794 3574 928 3634 Achilles
939 3595 999 3632 non
1010 3574 1103 3632 solum
1114 3575 1261 3633 recusavit
1270 3593 1373 3632 verum

303 3689 393 3748 etiam
407 3689 537 3746 minatus
552 3695 608 3760 est,
628 3707 659 3746 se
682 3686 800 3746 domum
820 3685 983 3745 rediturum
1003 3705 1079 3758 esse,
1100 3685 1125 3742 si
1140 3683 1326 3761 Agamemno
1341 3684 1372 3742 vi

239 3849 241 3853 .
303 3797 386 3856 illam
398 3797 564 3856 abduceret.
593 3795 694 3871 Quid?
709 3796 788 3875 quod
799 3796 985 3874 Agamemno
996 3794 1071 3854 illud
1083 3793 1239 3852 eonsilium
1253 3793 1372 3852 domum

303 3905 447 3965 redeundi
462 3906 606 3985 impedire
622 3926 682 3965 non
696 3907 801 3984 potuit.
835 3906 901 3965 Neo
915 3912 1015 3964 tamen
1030 3905 1207 3978 omittamus,
1221 3921 1324 3962 versus
1338 3904 1371 3963 in

305 4015 484 4076 carminibus
500 4017 656 4076 homericis
668 4016 813 4089 inveniri,
833 4035 849 4074 e
869 4013 975 4094 quibus
993 4013 1212 4092 Agamemnoni
1230 4014 1371 4071 maiorem
