3176 4898
831 345 872 408 38

754 430 951 440 ——..-.-.

319 536 462 594 nonnulla
488 537 618 610 afferam,
643 535 750 615 quibus
775 553 934 614 praecones
961 542 1111 592 ornantur.
1157 533 1247 593 Velut
1273 529 1302 593 H
1323 537 1386 596 276

319 646 392 704 haec
406 645 498 704 verba
512 646 665 722 leguntur:

471 751 635 834 Ταλθύβιός
649 775 685 817 τε
699 752 751 815 καὶ
763 743 883 833 Ἰδαῖος,
897 751 1076 838 πεπνυμένω
1093 752 1185 839 ἄμφω

319 873 349 924 et
363 864 464 944 paullo
480 875 547 945 post
563 868 624 925 278

470 970 563 1060 κῆρυξ
573 965 694 1051 Ἰδαῖος,
709 972 885 1059 πεπνυμένα
900 964 998 1057 μΐδεα
1012 963 1108 1045 εἰδώς.

384 1084 556 1165 Eodemque
572 1087 701 1165 epitheto
716 1085 795 1165 quod
810 1093 919 1144 vocant
934 1085 951 1165 β
968 1087 1007 1144 38
1024 1085 1148 1143 Pisenor
1161 1086 1336 1145 honoratur:

470 1191 564 1280 κῆρυξ
579 1193 746 1280 Πεισήνωρ,
761 1192 938 1278 πεπνυμένα
954 1181 1054 1277 μήδεα
1069 1184 1165 1265 εἰδώς.

384 1323 501 1384 Deinde
515 1344 621 1404 praeeo
636 1323 739 1384 eodem
753 1324 851 1382 animo
867 1343 930 1382 esse
945 1322 1052 1381 dicitur
1070 1343 1105 1381 ao
1118 1322 1254 1380 Priamus
1268 1341 1321 1382 rex
1336 1322 1387 1382 illo

319 1434 576 1513 prudentissimus:
598 1435 738 1512 leguntur
753 1434 831 1492 enim
847 1427 881 1490 Ω
897 1434 956 1492 282
973 1433 1047 1492 haec
1061 1431 1153 1492 verba

470 1539 564 1628 κῆρυξ
577 1542 630 1603 καὶ
645 1539 790 1629 Πρίαμος,
804 1541 914 1602 πυκιναὶ
930 1541 1013 1628 φρεσὶ
1028 1531 1111 1625 μήδε’
1132 1542 1251 1624 ἔχοντες

318 1656 369 1733 qui
384 1654 502 1733 quidem
517 1675 619 1714 versus
634 1649 668 1712 Ω
685 1655 747 1713 674
762 1654 913 1732 repetitur.

382 1790 446 1850 Nec
458 1788 579 1847 dubium
592 1807 654 1848 esse
666 1797 762 1867 potest
773 1789 838 1868 quis
854 1789 892 1847 sit
902 1781 998 1870 κῆρυξ
1009 1778 1151 1871 δαΐφρων.
1182 1788 1293 1846 Notum
1305 1790 1384 1847 enim

319 1910 371 1975 cst,
387 1891 518 1982 δαΐφρων
534 1899 713 1957 adiectivum
728 1901 759 1957 in
773 1897 869 1957 Iliade
885 1898 966 1956 aliud
980 1897 1052 1976 quid
1067 1898 1234 1974 significare
1249 1918 1338 1977 quam
1353 1901 1385 1958 in

320 2010 462 2089 Odyssea.
483 2009 520 2067 In
532 2007 628 2068 Iliade
638 2009 716 2067 enim
727 1999 860 2092 δαΐφρων
870 2007 1049 2068 adiectivum
1060 2015 1183 2086 excepto
1194 2008 1296 2068 ultimo
1309 2008 1385 2068 libro

319 2121 424 2179 fortem
436 2122 541 2192 virum,
553 2121 584 2176 in
592 2118 727 2198 Odyssea
737 2118 912 2198 prudentem
924 2119 1089 2196 significare
1101 2119 1159 2177 iam
1166 2119 1387 2180 Burmannus

319 2232 351 2288 in
369 2231 490 2307 lexilogi
506 2230 563 2290 vol.
583 2231 615 2289 14
631 2251 660 2308 p.
679 2230 739 2288 189
759 2229 867 2290 docuit.
899 2227 974 2288 Cum
991 2229 1082 2305 igitur
1093 2222 1127 2285 Ω
1140 2229 1200 2288 325
1212 2229 1286 2288 haec
1297 2229 1390 2289 verba

215 2397 219 2404 ‚
319 2342 429 2419 scripta
443 2343 501 2400 sint

471 2447 528 2520 τὰς
544 2445 708 2531 (ἡμιόνους)
721 2438 832 2519 Ἰδαῖος
848 2449 956 2508 ἔλαυνε
971 2438 1103 2534 δαΐφρων

321 2558 555 2619 concludendum
571 2567 622 2632 est,
644 2560 727 2617 illum
743 2559 839 2617 virum
854 2558 1029 2638 prudentem
1044 2559 1142 2618 fuisse.
1187 2559 1288 2636 Etiam
1303 2578 1387 2639 prae·

321 2673 393 2731 clari
408 2673 456 2731 vel
471 2670 584 2729 nobiles
598 2689 758 2749 praecones
778 2668 924 2742 dicuntur,
945 2690 1002 2748 quo
1023 2671 1142 2729 nomine
1162 2666 1251 2728 duces
1271 2677 1388 2728 tantum

320 2792 349 2843 et
359 2802 444 2860 reges
456 2780 600 2861 appellari
612 2779 752 2839 solebant.
782 2779 937 2855 Leguntur
948 2787 1046 2838 autem
1061 2773 1158 2838 Γ268
1175 2799 1209 2858 sq
1223 2779 1254 2837 hi
1270 2798 1388 2838 versus:

625 2921 703 3007 ἀτὰρ
719 2920 843 3002 κήρυκες
858 2919 968 3008 ἀγαυοΐ
1025 2917 1027 2920 ’

475 3032 487 3054 r!

472 3055 558 3118 υρκια
571 3028 666 3095 πιστὰ
680 3030 754 3096 θεῶν
771 3031 899 3119 σύναγον
914 3035 982 3095 κτλ.

289 3170 290 3174 ’
385 3180 450 3238 Iam
465 3199 535 3238 vero
551 3200 616 3237 cum
632 3177 792 3238 viderimus
806 3186 988 3258 quantopere
1004 3198 1164 3257 praecones
1179 3178 1337 3259 prudentia
1352 3200 1388 3238 ac

321 3289 484 3349 calliditate
513 3290 660 3362 valerent,
691 3287 847 3347 dicendum
877 3306 939 3347 esse
969 3287 1098 3363 videtur,
1129 3288 1235 3369 quibus
1261 3290 1389 3348 maxime

321 3398 490 3459 muneribus
504 3398 598 3458 functi
614 3399 673 3457 sint
688 3405 717 3456 et
738 3417 883 3475 quaenam
897 3399 928 3456 in
943 3398 989 3456 his
1009 3399 1080 3478 ipsis
1102 3399 1272 3460 muneribus
1296 3399 1388 3459 admi-

320 3509 481 3569 nistrandis
515 3511 584 3569 iuris
617 3509 751 3586 gentium
779 3509 906 3587 vestigia
939 3511 1141 3588 apparuerint.
1200 3509 1388 3590 Quamquam

321 3630 419 3690 autom
434 3641 593 3700 praecones
616 3628 645 3679 et
666 3619 736 3679 belli
756 3627 786 3680 ct
805 3620 886 3698 pacis
906 3620 1085 3699 temporibus
1107 3619 1277 3679 muneribus
1297 3621 1388 3680 variis

322 3733 415 3790 functi
440 3739 515 3805 sunt,
541 3739 640 3790 tamen
662 3733 718 3790 hoc
740 3730 805 3790 loco
828 3729 937 3789 bellum
954 3738 983 3788 et
1003 3751 1108 3809 paoem
1129 3751 1188 3789 non
1209 3729 1389 3790 secernenda

322 3861 384 3900 esse
399 3841 545 3913 videntur,
563 3849 717 3920 propterca
732 3839 811 3920 quod
837 3841 889 3900 illa
914 3860 1037 3900 munera
1050 3841 1099 3902 hic
1115 3849 1143 3900 et
1169 3840 1230 3899 illic
1255 3841 1332 3899 inter
1357 3859 1388 3900 se

322 3958 495 4027 congruunt.
541 3949 587 4008 Ac
605 3953 731 4029 primum
756 3951 874 4029 quidem
900 3949 979 4009 domi
1004 3951 1184 4030 militiaeque
1209 3970 1388 4029 praeconum

287 4085 290 4089 ·
322 4068 397 4132 erat,
417 4059 559 4138 populum
575 4061 620 4118 vel
642 4060 750 4119 milites
764 4063 794 4119 in
816 4062 985 4120 concionem
1007 4082 1112 4122 vocare
1137 4097 1179 4106 -
1205 4060 1241 4120 de
1261 4062 1387 4120 militum
