3176 4898
837 304 879 366 50

759 391 860 398 -—-.--
879 389 911 396 -ο
929 390 958 395 --

631 497 681 554 νῦν
698 483 725 553 δ’
744 488 829 576 ὅρκια
845 489 938 556 πιστά

477 598 659 688 ψευσάμενοι
674 598 862 687 μαχόμεσθα·
879 605 925 681 τῷ
940 599 973 661 οὔ
989 599 1022 662 νύ
1037 624 1068 662 τι
1084 591 1202 686 κέρδιον
1217 601 1288 685 ἥμιν
1304 638 1344 648 -

326 716 428 792 negari
454 716 565 793 nequit,
592 714 646 774 illa
670 712 790 772 foedera
818 714 918 790 magni
949 712 1049 772 habita
1075 732 1136 774 esse
1159 722 1188 772 et
1210 713 1340 774 Graecos
1365 723 1396 773 et

325 826 470 884 Troianos
485 825 622 884 iniuriam
643 822 764 882 duxisse
779 822 883 881 foedus
902 824 994 881 ictum
1014 825 1236 901 interrumpere.
1282 823 1397 898 Quodsi

327 954 430 994 verum
456 942 513 1006 cst,
538 933 772 992 luculentissima
797 933 845 992 hic
871 941 987 1020 exstare
1013 934 1085 992 iuris
1109 935 1242 1010 gentium
1268 936 1397 1012 vestigia

327 1064 413 1104 nemo
430 1044 540 1123 estqui
556 1043 707 1102 infitietur.

391 1153 451 1213 Sed
466 1153 526 1212 alia
546 1172 663 1232 quoque
681 1153 809 1230 vestigia
831 1159 961 1226 exstant,
983 1151 1091 1231 quibus
1113 1151 1266 1231 probetur,
1290 1157 1396 1233 quanti

326 1263 478 1323 foederum
494 1264 617 1321 ictorum
633 1264 792 1321 auctoritas
806 1261 908 1322 habita
924 1263 970 1321 sit.
1001 1263 1138 1341 Namque
1153 1270 1260 1322 etcum
1274 1263 1399 1324 Graecis

328 1383 357 1434 et
373 1395 439 1432 curn
454 1373 592 1432 Troianis
607 1374 678 1432 socii
693 1371 860 1431 foederibus
876 1373 1025 1431 coniuncti
1041 1381 1133 1431 erant.
1175 1371 1260 1446 Quae
1275 1373 1396 1453 quidem

326 1485 513 1563 quaestio-
530 1492 674 1562 quantum
690 1482 728 1541 ad
744 1482 873 1541 Graecos
889 1489 1002 1561 spectat
1021 1514 1063 1524 -
1085 1484 1214 1541 maxime
1229 1485 1260 1540 in
1275 1503 1310 1542 ea
1326 1504 1396 1542 con-

327 1593 441 1652 dicione
456 1595 598 1668 vertitur,
616 1613 705 1672 quam
724 1594 801 1652 inter
816 1592 1070 1669 Agamemnonem
1090 1592 1223 1671 aliosque
1245 1594 1398 1671 principes

325 1704 416 1763 fuisse
431 1705 593 1762 statuimus.
625 1703 653 1760 N
656 1703 818 1761 ctissimum
834 1713 931 1762 eutem
947 1711 1000 1776 est,
1019 1705 1051 1761 in
1066 1701 1162 1760 Iliade
1177 1702 1304 1762 Achillis
1319 1704 1395 1761 iram

327 1811 482 1886 celebrari,
504 1813 586 1871 illam
605 1814 678 1871 iram
700 1813 779 1881 dico,
806 1833 866 1891 qua
885 1820 1047 1871 commotus
1067 1831 1085 1870 a
1105 1810 1182 1870 bello
1202 1811 1344 1871 abstinuit
1365 1822 1397 1872 et

326 1922 462 1982 Patroclo
487 1921 606 1981 demum
632 1921 670 1980 ab
695 1923 824 1981 Hectore
846 1923 1001 1981 interfecto
1023 1919 1168 1979 adductus
1192 1929 1249 1995 est,
1271 1929 1304 1980 ut
1326 1941 1396 1981 eum

324 2034 422 2092 ultum
436 2053 556 2112 pugnae
570 2033 676 2090 iterum
691 2034 853 2091 interesset.
895 2030 1008 2105 Quodsi
1025 2030 1266 2108 contemplamur,
1281 2030 1396 2090 Achilli

326 2143 409 2202 illam
433 2143 514 2201 litem
540 2162 606 2201 cum
632 2141 859 2222 Agamemnone
885 2141 987 2215 fuisse,
1017 2161 1104 2220 quem
1131 2142 1260 2206 omnium
1286 2141 1398 2199 ducum

326 2254 490 2333 principem
505 2253 596 2312 fuisse
611 2251 696 2312 nobis
708 2254 839 2310 carmina
850 2253 998 2310 homerica
1008 2250 1141 2324 tradunt,
1153 2252 1311 2330 quaeritur,
1324 2271 1398 2330 quo·

326 2362 411 2422 modo
427 2364 546 2422 omnino
560 2363 624 2422 fieri
638 2363 775 2441 potuerit,
796 2369 830 2420 ut
844 2362 978 2420 Achilles
999 2363 1105 2420 summi
1121 2361 1301 2420 Graecorum
1315 2362 1398 2438 prin·

326 2474 400 2552 cipis
415 2474 570 2551 imperium
585 2470 767 2531 detrectaret.
802 2471 939 2551 Apparet
953 2473 1045 2545 enim,
1067 2472 1300 2548 Agamemnonis
1315 2479 1397 2548 pote-

325 2589 431 2642 statem
450 2603 511 2642 non
530 2589 645 2641 tantam
667 2582 770 2654 fuisse,
798 2589 831 2640 ut
853 2581 1003 2640 Achillem
1030 2581 1069 2640 ad
1093 2580 1266 2639 bellandum
1291 2600 1398 2657 cogere

325 2701 431 2773 posset.
460 2691 679 2767 Quamobrem
692 2711 757 2750 curn
770 2691 1004 2769 Agamemnonis
1019 2698 1147 2769 potestas
1163 2692 1261 2767 pactis
1272 2691 1321 2750 vel
1336 2691 1398 2750 alio

326 2803 412 2862 modo
427 2811 618 2875 coerceretur,
635 2823 693 2861 non
709 2802 761 2862 abs
777 2823 807 2861 re
822 2822 884 2861 esse
896 2801 1061 2874 videbatur,
1074 2820 1224 2878 quaerere,
1236 2821 1308 2858 num
1319 2801 1398 2860 forte

325 2912 460 2972 Achilles
485 2913 632 2991 ceterique
657 2911 746 2971 duces
773 2912 955 2971 Graecorum
982 2910 1217 2988 Agamemnonis
1245 2911 1316 2968 socii
1341 2929 1398 2969 nec

325 3043 395 3082 vero
410 3022 559 3082 subiuncti
573 3023 684 3080 fuerint
699 3029 728 3081 et
740 3055 778 3063 -—
793 3023 817 3080 si
829 3021 950 3099 quidem
964 3023 1020 3080 hoc
1036 3020 1229 3079 demonstrari
1244 3027 1341 3097 potest
1353 3053 1397 3062 —-

325 3134 421 3212 qualis
441 3135 585 3193 sociorum
603 3132 737 3191 condicio
762 3131 940 3210 temporibus
965 3131 1120 3190 homericis
1145 3130 1242 3189 fuerit.
1288 3131 1397 3188 Elucet

326 3251 433 3316 autem,
447 3243 580 3310 Achillis,
589 3251 619 3301 et
633 3242 866 3318 Agamemnonis
876 3261 922 3300 res
936 3261 1053 3320 prorsus
1065 3242 1138 3299 alias
1152 3259 1223 3314 esse,
1237 3242 1261 3298 si
1274 3240 1394 3300 demon-

325 3361 449 3412 stratum
464 3361 517 3426 est,
534 3353 684 3412 Achillem
698 3350 932 3428 Agamemnonis
952 3352 1064 3409 socium
1083 3350 1173 3408 fuisse
1195 3351 1321 3430 ideoque
1342 3372 1396 3411 suo

324 3465 396 3537 iure,
412 3484 478 3522 cum
494 3462 669 3535 laederetur,
686 3481 768 3521 arma
782 3462 921 3540 posuisse.

409 3574 475 3632 Iam
489 3582 603 3634 veteres
618 3571 677 3650 ipsi
691 3570 898 3643 dissenserunt,
919 3572 1016 3650 qualis
1036 3571 1224 3642 Graecorum,
1245 3573 1297 3650 qui
1312 3571 1394 3648 Aga·

324 3702 510 3742 memnonem
528 3683 650 3743 Troiam
670 3683 763 3742 secuti
784 3691 864 3756 sunt,
890 3691 982 3742 status
1004 3683 1116 3742 fuisset.
1162 3680 1225 3738 Alii
1247 3681 1340 3755 enim,
1362 3682 1395 3740 in

324 3791 430 3870 quibus
444 3792 643 3872 Apollodorus
659 3796 687 3866 3,
707 3795 754 3866 10,
777 3793 794 3849 9
817 3799 847 3851 et
868 3793 1032 3852 Pausanias
1056 3793 1084 3864 3,
1106 3794 1156 3865 ΞΟ,
1179 3795 1196 3851 9
1218 3791 1395 3850 numerandi

325 3908 402 3976 sunt,
417 3900 545 3975 uadunt,
562 3901 754 3980 Tyndareum
771 3922 837 3960 cum
853 3903 989 3962 Helenae
1005 3902 1124 3979 nuptias
1140 3899 1310 3975 celebraret,
1328 3922 1394 3980 pro·

325 4030 373 4068 cos
399 4011 461 4068 eius
488 4020 670 4070 sacramento
697 4011 844 4088 adegisse,
871 4021 905 4070 ut
931 4013 955 4070 si
980 4011 1101 4090 quando
1126 4011 1262 4070 Helenae
1286 4012 1395 4070 coniux
