3176 4898
698 305 735 367 17

184 479 344 560 ἱεινοσύνη.
376 491 441 550 Ηοο
454 492 531 550 enim
543 509 630 552 sensu
641 495 809 574 Penelopae
824 491 915 552 verba
930 512 944 574 ρ
959 493 1018 548 163
1034 509 1088 569 sqq
1104 490 1248 569 accipien-

185 600 223 659 da
237 620 299 660 esse
315 600 460 674 videntur,
477 601 527 660 ubi
542 603 763 683 Theoclymeno
778 603 954 664 vaticinanti
969 602 1043 660 haec
1058 601 1142 659 dicit:

337 712 368 770 ul
382 706 440 796 γὰρ
455 715 559 787 τοῦτο,
576 708 660 789 ξεῖνε,
678 715 746 786 ἔπος
762 709 976 794 τετελεσμένον
993 711 1020 770 al
1040 727 1046 740 ·

336 823 381 899 τῷ
396 842 430 881 κε
444 823 528 904 τάχα
543 822 643 906 γνοίης
658 821 809 906 φιλότητά
820 819 973 883 τεπολλά
987 839 1024 880 τε
1039 809 1123 900 θῶρα

337 920 371 1001 ἐξ
387 930 459 1012 ἐμεῦ
473 933 544 992 κτλ.

251 1041 356 1120 Neque
383 1042 462 1100 enim
487 1042 649 1121 quidquam
675 1042 756 1102 aliud
778 1043 824 1101 his
846 1040 943 1102 verbis
965 1040 1112 1118 Penelope
1137 1039 1251 1099 dictura

187 1160 231 1210 est
246 1152 302 1209 nisi
327 1152 397 1209 hoc:
420 1161 452 1210 tu
474 1171 632 1228 cognosces
652 1152 882 1231 hospitalitatem
908 1171 1011 1210 meam.
1058 1151 1103 1210 Of.
1128 1147 1153 1209 Γ
1178 1154 1249 1226 354,
1346 1213 1348 1216 ,
1436 1172 1443 1189 ·

185 1281 201 1320 ο
218 1262 267 1334 55,
286 1263 354 1320 197.

252 1371 318 1430 Iam
333 1391 402 1430 vero
417 1371 571 1430 videamus
586 1393 731 1451 quaenam
747 1372 803 1431 hoc
817 1373 848 1430 in
862 1372 981 1451 hospitii
996 1391 1076 1432 more
1095 1373 1167 1430 iuris
1182 1392 1252 1449 gen·

186 1483 260 1540 tium
274 1482 402 1558 vestigia
417 1483 483 1540 sint.
528 1481 574 1540 Ac
589 1485 716 1560 primum
731 1482 849 1562 quidem
870 1502 1013 1561 apparere
1033 1484 1105 1541 mihi
1126 1482 1252 1557 videtur,

187 1613 275 1671 quam
290 1599 372 1650 arcta
386 1593 504 1670 hospitii
525 1593 646 1651 vincula
668 1593 786 1652 fuerint.
830 1592 914 1666 Quas
937 1593 1058 1652 vincula
1080 1613 1139 1651 non
1159 1593 1253 1650 solum

187 1701 319 1761 ciusdem
334 1703 430 1778 gentis
445 1703 578 1760 homines
601 1703 817 1762 coniunxerunt
838 1702 890 1760 sed
913 1703 1001 1761 etiam
1016 1704 1070 1761 toti
1086 1703 1187 1781 populi
1202 1703 1253 1761 illo

188 1812 308 1890 hospitii
321 1831 401 1870 more
418 1813 461 1869 usi
476 1820 555 1884 eunt,
580 1813 622 1870 ita
644 1820 677 1870 ut
697 1812 752 1870 feri
775 1822 963 1890 agrestesque
985 1811 1178 1886 haberentur,
1204 1813 1254 1891 qui

189 1921 349 1999 hospitium
361 1921 547 1998 respuebant.
578 1923 657 1980 Tum
668 1941 738 1982 vero
750 1923 950 2001 unusquisque
962 1921 1117 1998 intellegit,
1130 1924 1256 2001 hospitio

189 2031 239 2089 illo
262 2029 515 2108 proficiscentibus
535 2032 642 2090 itinera
664 2033 814 2110 patefacta
834 2051 909 2090 esse:
935 2051 1002 2088 nam
1026 2052 1092 2088 cum
1115 2031 1255 2090 iniustum

189 2141 392 2219 nefariumque
407 2140 572 2214 haberetur,
596 2143 784 2219 peregrinum
807 2141 938 2214 laedere,
962 2140 1095 2199 omnibus
1117 2142 1255 2219 periculis

188 2250 311 2309 sublatis
326 2251 457 2309 homines
469 2258 531 2308 tum
544 2251 811 2330 proficiscebantur.
842 2250 908 2325 Quo
920 2252 1037 2329 hospitii
1050 2252 1183 2309 instituto
1195 2271 1254 2310 non

189 2361 282 2418 solum
303 2360 463 2419 utebantur
482 2370 638 2440 propterea
658 2361 736 2440 quod
756 2362 825 2420 deos
846 2379 1003 2438 eorumque
1017 2362 1093 2420 iram
1112 2362 1255 2421 timebant

191 2470 242 2527 sed
258 2472 346 2528 etiam
360 2480 516 2549 propterea
538 2471 615 2550 quod
639 2471 684 2529 ius
703 2491 783 2530 more
798 2479 947 2549 receptum
963 2490 1025 2530 esse
1040 2472 1075 2530 iis
1090 2472 1254 2532 videbatur.

192 2580 438 2640 Luculentissime
453 2583 531 2640 enim
547 2583 602 2640 hoc
617 2581 733 2659 probari
748 2589 843 2659 potest
858 2578 967 2648 Aule
1006 2615 1008 2619 .

343 2685 434 2766 ξείνιά
449 2687 474 2751 τ’
494 2683 527 2750 εὖ
542 2687 716 2773 παρέθηκεν,
733 2689 802 2750 ἅτε
816 2680 918 2761 ξείνοις
932 2687 1012 2773 θέμις
1026 2689 1117 2750 ἐστίν.
1210 2760 1211 2763 ¹

190 2819 316 2877 quocum
332 2801 396 2859 loco
411 2800 503 2859 verba
518 2802 650 2860 conferre
665 2803 755 2874 iuvat,
772 2822 849 2880 quae
864 2823 873 2860 ι
889 2803 950 2860 268
966 2802 1157 2859 inveniuntur

344 2899 425 2980 δοίης
441 2901 580 2987 θωτίνην,
596 2909 615 2978 ’ἥ
631 2931 668 2972 τε
682 2906 785 2989 ξείνων
800 2907 881 2994 θέμις
896 2908 986 2972 ἐστίν.

255 3020 322 3077 Ηοο
345 3028 443 3078 autem
465 3020 552 3079 modo
576 3023 649 3081 haec
671 3021 762 3080 verba
784 3021 962 3099 explicanda
983 3039 1044 3079 esse
1067 3021 1257 3081 Nrrzscfflus

192 3127 278 3187 docet
289 3128 434 3188 adnotans
446 3129 484 3188 ad
496 3151 517 3214 γ
531 3133 586 3190 45:
602 3133 680 3206 „Die
694 3133 812 3192 Formel
826 3131 901 3190 wird
915 3133 945 3190 in
961 3131 1028 3191 dem
1043 3131 1193 3208 Umfange
1208 3151 1257 3209 ge-

192 3236 332 3310 braucht,
362 3239 394 3296 in
420 3240 562 3300 walchem
588 3242 640 3302 der
665 3243 867 3302 homerischeu
892 3242 975 3301 Welt
1001 3241 1053 3300 dae
1079 3240 1259 3301 Gebtirlichc

193 3348 346 3406 erschcint.
391 3349 504 3410 Darein
519 3352 556 3410 ist
571 3351 658 3412 nebat
673 3352 740 3411 dem
763 3352 855 3410 durch
872 3367 876 3400 ³
894 3353 947 3411 itte
970 3351 1031 3410 und
1055 3352 1258 3411 Herkommen

194 3455 398 3535 Geheiligton,
420 3481 488 3519 zum
504 3460 611 3522 Gesetz
627 3461 843 3535 Gewordenen,
868 3462 930 3520 und
945 3461 1012 3520 dom
1027 3461 1166 3536 Billigen‚
1183 3464 1258 3520 auch

194 3567 248 3626 das
274 3569 327 3627 mit
352 3568 508 3646 begriffen,
536 3592 596 3630 was
619 3571 672 3631 der
694 3573 784 3648 Gang
806 3572 859 3631 der
877 3572 975 3630 Natur
996 3573 1050 3628 mit
1068 3572 1130 3629 sich
1150 3571 1257 3647 bringt.

194 3678 217 3738 J
218 3678 312 3738 edoch
327 3679 400 3738 wird
415 3677 496 3763 θέμις
506 3682 554 3740 nie
566 3682 642 3741 ohne
654 3681 707 3741 das
718 3681 904 3759 begleiteude
917 3679 1029 3740 Gefuhl
1041 3679 1093 3740 der
1105 3681 1260 3758 Billigung

194 3796 308 3865 gesagt,
325 3787 364 3848 da
379 3779 447 3857 θίκη
463 3792 539 3850 auch
554 3791 602 3852 die
617 3792 719 3865 blosse,
735 3813 821 3851 wenn
837 3792 913 3850 auch
928 3789 1099 3863 tadelhafte,
1114 3788 1259 3849 Gewohn-

194 3899 269 3971 heit,
293 3898 346 3957 das
367 3900 442 3960 eben
464 3922 521 3960 nur
540 3902 726 3962 Bestohende
748 3901 922 3961 ausdrtiokt:
937 3900 994 3981 IV,
1009 3901 1079 3974 691,
1095 3900 1153 3973 XI,
1170 3902 1260 3960 aler‘

197 4011 272 4068 Erat
302 4012 392 4086 igitur
421 4011 584 4090 hospitibus
614 4015 659 4086 ius
688 4011 836 4091 quoddam
862 4013 921 4071 iam
947 4018 1043 4070 aetate
1066 4011 1183 4070 heroica
1213 4010 1262 4072 vel

690 4119 691 4122 =
1098 4111 1109 4147 a
