3176 4898
225 462 381 520 senserint.
405 461 503 538 Supra
517 462 576 519 iam
592 468 850 518 commemoratum
866 468 919 534 cst,
934 460 1093 539 hospitium
1109 459 1147 522 ab
1163 461 1298 520 omnibus

225 571 332 627 summi
343 569 478 628 habitum
490 569 588 628 fuisse.
618 570 668 627 Ex
681 570 752 647 ipsis
768 577 867 628 autern
883 569 1062 630 carminibus
1081 589 1183 629 versus
1201 569 1300 630 afferri
1393 612 1395 616 -

225 687 347 757 possunt
367 679 418 757 qui
438 678 576 757 probent,
596 680 768 757 peregrinos
787 679 952 757 hospitibus
974 700 1027 757 pro
1055 679 1198 738 beneficio
1221 700 1298 739 sum-

226 808 305 846 mam
320 789 468 848 rettulisse
482 789 617 864 gratiam.
654 787 746 847 Unius
761 789 804 847 rei
819 790 917 848 nescio
933 810 972 847 an
986 789 1102 847 nullum
1117 789 1299 866 praeclarius

225 905 321 956 exstet
340 898 509 975 exemplum
535 918 624 976 quam
647 896 726 976 quod
752 917 831 956 nunc
856 897 961 957 afferre
984 898 1057 956 mihi
1081 897 1178 957 liceat.
1223 897 1297 957 Pisi-

227 1014 337 1066 stratus
352 1008 431 1065 enim
445 1008 579 1066 Nestoris
597 1006 676 1065 filius
690 1007 870 1066 Telemacho
891 1007 990 1066 madia
1012 1014 1099 1066 nocte
1120 1006 1299 1080 adhortanti,

227 1124 260 1174 ut
271 1117 371 1175 itineri
387 1136 450 1176 sese
461 1116 654 1189 committant,
668 1115 834 1194 persuadet,
846 1125 880 1175 ut
891 1125 1009 1175 maneat
1019 1117 1208 1195 Mancinique
1219 1115 1298 1176 dona

227 1226 362 1304 accipiat,
378 1227 448 1304 quia
462 1227 585 1304 hospitis
600 1226 706 1304 hospes
720 1245 835 1304 semper
850 1227 1023 1285 meminerit.
1054 1225 1100 1285 of.
1117 1245 1132 1286 o
1150 1227 1190 1284 54
1206 1245 1240 1304 sq

379 1337 435 1394 τοῦ
449 1331 508 1419 γάρ
523 1353 560 1394 τε
574 1324 669 1405 ξεῖνος
683 1333 884 1416 μιμνήσκεται
898 1332 1006 1417 ἤματα
1020 1333 1125 1396 πάντα

380 1434 487 1526 ἀνδρὸς
502 1434 681 1522 ξεινοδόκου,
697 1440 728 1514 ός
742 1464 794 1504 κεν
809 1443 962 1527 φιλότητα
976 1423 1127 1528 παράσχῃ.
1150 1501 1154 1508 ,

292 1569 382 1629 Adde
396 1570 476 1649 quod
498 1579 726 1629 commemoratu
749 1570 874 1647 dignum
896 1570 1073 1645 habebatur,
1096 1570 1175 1649 quod
1198 1570 1299 1629 hicet

228 1679 290 1737 illic
305 1687 398 1752 erant,
415 1681 466 1758 qui
480 1681 651 1758 peregrinos
662 1699 759 1758 neque
770 1682 941 1758 exciperent
952 1700 1048 1759 neque
1060 1687 1206 1739 curarent.
1229 1678 1298 1753 Qua

231 1786 268 1847 de
283 1807 315 1846 re
330 1789 463 1848 conferre
482 1790 566 1848 iuvat
585 1787 677 1848 verba
697 1790 865 1863 Minervae,
888 1788 994 1868 quibus
1015 1790 1155 1850 Scheriae
1175 1789 1296 1848 Ulixem

229 1898 357 1956 allocuta
372 1906 417 1956 est
431 1899 515 1977 eique
530 1898 631 1969 suasit,
646 1905 679 1956 ut
691 1917 757 1956 cum
770 1899 828 1958 illis
839 1898 1006 1958 hominibus
1018 1919 1078 1958 non
1090 1900 1297 1958 commercium

227 2005 359 2080 haberet,
379 2009 489 2086 quippe
504 2008 556 2085 qui
570 2006 735 2085 hospitibus
750 2009 870 2086 propitii
885 2030 945 2067 non
960 2017 1066 2069 essent.
1103 2009 1148 2069 of.
1165 2030 1184 2079 η
1201 2011 1242 2068 32
1265 2029 1299 2087 sq

381 2129 488 2218 οὐγὰρ
504 2127 615 2210 ξείνους
631 2120 693 2194 olba
708 2131 781 2215 μάλ’
797 2131 971 2217 ἀνθρώπους
985 2131 1157 2217 ἀνέχονται,

381 2233 443 2302 οὐδ’
464 2232 690 2330 ἀγαπαζόμενοι
705 2239 836 2322 φιλέουσ’
853 2240 884 2314 ός
898 2241 923 2302 κ’
945 2239 1070 2303 ἄλλοθεν
1086 2241 1170 2325 ἔλθῃ.

295 2369 343 2428 Ita
358 2369 400 2444 fit,
416 2378 449 2428 ut
467 2369 569 2429 Ulixes
584 2389 651 2428 cum
663 2368 702 2428 ad
715 2367 879 2449 Cyclopum
891 2369 1020 2429 insulam
1035 2389 1127 2430 naves
1142 2372 1300 2450 appulerit,

228 2480 321 2538 socios
335 2479 520 2550 adhortetur,
544 2485 577 2536 ut
599 2486 751 2552 maneant,
774 2477 846 2537 dum
865 2480 928 2556 ipse
948 2481 1135 2558 exploratum
1150 2482 1181 2539 it.
1228 2481 1299 2558 Ipsa

229 2597 328 2647 autern
344 2589 442 2648 Ulixis
457 2587 548 2647 verba
562 2588 636 2646 hacc
650 2597 732 2646 sunt:
748 2610 757 2647 ι
774 2591 835 2647 174
851 2609 912 2668 sqq.

466 2730 505 2740 -
525 2727 559 2737 -—
577 2696 766 2781 πειρήσομαι,
782 2695 903 2768 οἵτινές
918 2701 999 2774 εἰσιν,

383 2805 401 2875 ἤ
419 2804 440 2890 ρ’
461 2805 490 2865 οἴ
502 2803 529 2890 γ’
547 2803 684 2889 ὑβρισταί
698 2825 734 2866 τε
749 2805 801 2866 καὶ
817 2804 913 2891 ἄγριοι
929 2799 1001 2868 οὐδὲ
1016 2798 1136 2884 δίκαιοι,

382 2908 417 2984 ἦε
432 2910 603 2999 φιλόξεινοι,
618 2914 670 2975 καί
685 2935 752 2999 σφιν
768 2915 835 2989 νόος
850 2915 916 2978 ἐστὶ
930 2908 1063 2988 θεουδής.

293 3042 429 3121 Apparet
444 3052 543 3102 autem
558 3043 590 3100 in
604 3043 650 3101 his
670 3042 768 3102 verbis
788 3063 837 3102 cos
859 3043 909 3122 qui
931 3043 1042 3102 scelera
1062 3045 1247 3102 committant
1270 3054 1300 3105 et

228 3153 283 3212 feri
298 3153 459 3232 iniustique
475 3153 534 3211 sint
548 3153 584 3210 iis
599 3153 721 3230 opponi,
742 3154 793 3231 qui
813 3153 984 3231 peregrinos
1005 3154 1156 3238 excipiant
1171 3153 1300 3232 deosque

228 3263 334 3320 colant.
379 3261 482 3336 Quid?
503 3280 601 3320 nonne
616 3260 721 3320 Ulixes
736 3260 816 3335 dicit,
837 3281 868 3320 se
888 3264 962 3321 mori
982 3263 1070 3321 malle
1085 3283 1174 3342 quarn
1189 3263 1299 3338 videre,

229 3390 318 3449 quam
333 3373 460 3449 turpiter
473 3371 505 3429 in
519 3370 643 3429 aedibus
658 3372 718 3429 suis
733 3373 883 3450 peregrini
897 3380 1062 3430 tractentur
1077 3373 1114 3430 cf.
1126 3392 1149 3432 π
1168 3374 1226 3430 106
1245 3393 1299 3452 sqq

381 3493 543 3578 βουλοίμην
558 3493 582 3555 κ’
603 3495 635 3556 ἐν
650 3495 750 3580 ἐμοῖσι
764 3496 999 3580 κατακτάμενος
1014 3494 1185 3581 μεγάροισιν

380 3601 523 3688 τεθνάμεν
538 3598 557 3674 ἢ
572 3597 692 3689 scidas
710 3601 776 3665 αἰὲν
792 3603 896 3666 ἀεικέα
914 3603 972 3692 ἔργ’
992 3602 1146 3682 ὁράασθαι,

381 3710 492 3793 ξείνους
505 3733 542 3775 τε
557 3705 826 3798 στυφελιζομένους
840 3715 910 3775 κτλ.

292 3849 336 3910 At
351 3849 395 3908 illi
411 3851 463 3929 qui
477 3851 641 3929 peregrinis
655 3848 797 3910 favebant
813 3849 851 3908 ab
866 3847 1001 3908 omnibus
1015 3847 1215 3909 laudabantur
1229 3849 1298 3910 sibi-

228 3979 285 4038 que
300 3980 444 4019 summam
459 3960 584 4036 gloriam
598 3957 753 4038 parabant.
797 3959 939 4037 Hospites
961 3959 1039 4018 enim
1054 3959 1158 4020 laudes
1180 3960 1256 4034 eius,
1278 3980 1296 4018 a
