3176 4898
838 363 880 425 20

764 451 815 457 —.
825 451 957 458 .—.----

329 552 478 631 Chrysen,
509 573 595 631 quem
622 553 713 610 filiam
744 554 868 630 petitum
893 553 923 610 in
949 547 1129 612 Graecorum
1155 561 1259 611 castra·
1279 555 1394 612 venisse

326 665 624 735 commemoravimus,
639 670 815 736 revereatur,
831 663 868 721 cf.
884 661 913 720 A
929 665 989 722 376
1006 683 1040 741 sq

479 769 534 832 ἐνθ’
555 770 644 831 ἄλλοι
659 769 713 854 μὲν
728 771 841 843 πάντες
855 770 1072 856 ἐπευφήμησαν
1083 770 1207 856 Ἀχαιοί

479 872 624 942 αἰδεῖσθαί
639 876 663 940 θ’
683 884 766 963 ἱερῆα
780 880 833 942 καὶ
848 879 953 966 ἀγλαοὶ
969 872 1071 966 δέχθαι
1087 880 1207 943 ἄποινα.

391 991 528 1052 Ceterum
544 993 580 1052 de
606 991 805 1051 sacerdotibus
832 993 986 1052 homericis
1006 1013 1102 1072 pauca
1123 1000 1238 1052 tantum
1262 993 1390 1053 dicenda

327 1109 404 1175 sunt,
419 1111 592 1180 propeterea
612 1100 691 1181 quod
711 1102 897 1162 sacerdotum
920 1124 985 1162 raro
999 1103 1033 1161 fit
1047 1105 1165 1162 mentio.
1209 1104 1280 1162 Rari
1295 1112 1393 1163 autem

325 1212 376 1271 illo
398 1213 462 1291 ipso
484 1220 615 1290 ternpore
638 1211 804 1271 sacerdotes
826 1221 920 1286 eraut,
941 1214 1080 1292 quoniam
1102 1233 1187 1290 reges
1208 1214 1393 1274 sacerdotum

325 1321 496 1381 muneribus
510 1321 635 1401 publicis
650 1322 852 1400 fungebantur
866 1332 895 1381 et
909 1323 1136 1400 patresfamilias
1157 1343 1240 1381 sacra
1254 1324 1284 1380 in
1301 1323 1393 1384 domi·

326 1431 380 1490 bus
395 1434 454 1491 suis
476 1431 627 1492 curabant.
673 1431 733 1492 Sed
755 1431 1053 1492 animadvertendum
1073 1441 1124 1506 est,
1147 1442 1265 1511 poetam
1290 1433 1307 1491 1
1331 1435 1393 1493 574

326 1561 378 1619 sqq
404 1561 538 1615 narrare,
570 1563 628 1600 uon
655 1543 749 1600 solum
778 1562 862 1601 senes
884 1542 1034 1602 Aetolicos
1059 1543 1243 1620 Meleagrum
1265 1562 1394 1620 rogasse,

324 1669 427 1709 verum
443 1652 531 1709 etiam
547 1654 671 1730 optimos
685 1651 805 1711 deorum
822 1652 986 1711 sacerdotes
1001 1654 1103 1711 missos
1119 1673 1195 1712 esse:

476 1757 596 1845 πέμπον
613 1752 646 1822 δὲ
661 1759 736 1822 θεῶν
752 1765 852 1845 ἱερῆας
867 1760 1015 1844 ἀρίστους.

389 1870 533 1930 Videmus
556 1880 655 1931 autem
670 1872 726 1931 hoc
747 1874 811 1932 loco
837 1893 875 1932 ex
890 1893 924 1932 eo
946 1871 1023 1951 quod
1041 1872 1205 1932 sacerdotes
1220 1875 1300 1932 missi
1315 1881 1391 1948 sunt,

324 1989 515 2060 posteaquam
550 1959 609 2040 iam
632 2001 716 2042 senes
741 1981 780 2042 ad
805 2002 872 2041 eum
902 2001 963 2042 sese
993 1983 1198 2056 contulerunt,
1227 1983 1393 2043 sacerdotes

325 2092 435 2150 maiore
450 2093 582 2151 floruisse
601 2093 775 2151 auctoritate
790 2112 879 2171 quam
902 2111 993 2152 senes.
1037 2094 1151 2152 Tamen
1175 2113 1211 2152 ex
1234 2093 1393 2152 sacerdoti-

326 2199 380 2259 bus
402 2202 489 2279 primi
515 2211 630 2261 tantum
656 2203 742 2261 electi
768 2211 836 2261 sunt
861 2202 919 2276 vel,
944 2211 978 2260 ut
997 2204 1094 2262 Faesii
1120 2205 1390 2281 interpretationem

325 2311 412 2369 huius
433 2311 517 2370 verbi
538 2312 710 2371 adhibeam:
740 2311 808 2385 „die
828 2311 921 2371 durch
940 2313 1024 2371 ihren
1041 2313 1135 2372 Stand
1158 2312 1219 2371 und
1242 2314 1305 2372 ihre
1321 2313 1391 2372 Per·

323 2421 501 2481 stolichkeit
516 2423 777 2498 augesehensten.“
803 2421 892 2482 Adde
907 2422 985 2501 quod
996 2421 1108 2483 Onetor
1122 2443 1237 2501 quoque
1252 2424 1390 2501 apopulo

322 2537 474 2610 tamquam
490 2531 562 2591 deus
578 2531 673 2590 cultus
689 2550 752 2590 esse
767 2532 882 2591 dieitur.
928 2532 974 2592 cf.
990 2529 1022 2592 Π
1039 2531 1101 2594 604
1116 2553 1149 2612 sq

474 2638 638 2725 Λαόγονον
653 2635 761 2723 θρασὺν
777 2640 839 2701 olda
851 2638 1033 2724 Ὀνίτορος,
1049 2640 1080 2713 ὃς
1094 2636 1165 2714 Διὸς
1180 2639 1255 2724 ίρεύς

471 2740 585 2812 Ἰδαίου
601 2749 760 2826 ἐτέτυκτο,
775 2747 839 2823 θεὸς
855 2743 880 2811 δ’
900 2750 940 2824 (ὃς
954 2750 1039 2812 τίετο
1056 2739 1172 2834 δίρ.ῳ.ῑ

392 2971 400 3002 ¹
419 2973 475 3032 Quo
487 2974 588 3033 quidem
600 2975 656 3020 loco
677 2975 812 3033 quaeritur,
830 2979 911 3020 utrum
924 2973 1041 3035 periodus
1058 2975 1167 3020 relativa
1185 2973 1218 3018 ad
1230 2973 1298 3034 prius
1310 2987 1342 3019 an
1355 2973 1388 3019 ad

322 3058 444 3117 posterius
456 3057 641 3105 substantivum
654 3059 784 3105 referenda
797 3061 837 3106 sit.
866 3060 990 3119 Equidem
1006 3074 1083 3119 nego,
1102 3059 1217 3106 Faesium
1235 3058 1387 3116 sequendum

322 3157 376 3189 esse
393 3142 567 3190 adnotantem:
589 3136 637 3205 „dc
653 3137 713 3200 Διὸς
730 3138 794 3208 ἱρεὺς
809 3139 919 3192 ἐτέτυκτο
932 3146 992 3205 geht
1003 3145 1070 3190 wohl
1083 3144 1128 3189 auf
1137 3144 1281 3201 Laogonos‚
1294 3143 1333 3188 als
1346 3143 1387 3188 die

322 3226 524 3288 Hauptperson.“
552 3229 606 3275 Nec
623 3230 688 3275 enim
706 3231 787 3276 solum
803 3231 875 3274 nulls
893 3234 1034 3287 causaest,
1054 3243 1098 3274 cur
1110 3228 1142 3274 ad
1155 3227 1303 3286 Laogonum
1315 3228 1388 3274 illam

321 3313 451 3372 periodum
463 3313 599 3360 referamus
611 3313 656 3360 sed
668 3315 748 3360 multo
761 3315 859 3361 facilius
877 3328 932 3360 cum
950 3312 1045 3360 Onetor
1061 3327 1124 3358 voce
1143 3311 1260 3373 periodus
1279 3313 1388 3359 relativa

321 3397 487 3457 coniungitur.
520 3398 603 3457 Quid?
620 3400 686 3457 quod
704 3400 839 3458 Laogonus
855 3399 965 3445 bellator
982 3398 1027 3442 ills
1045 3398 1194 3444 fortissimus
1212 3397 1302 3444 melius
1319 3397 1387 3444 tilius

320 3482 459 3530 sacerdotis
470 3496 544 3542 quam
555 3484 608 3544 ipse
620 3483 738 3532 sacerdos
750 3485 900 3544 appellatur,
919 3484 977 3543 quia
989 3496 1038 3528 non
1051 3481 1173 3528 credibile
1185 3487 1230 3540 est,
1243 3481 1387 3529 sacerdotes

320 3568 388 3628 ipsos
398 3567 491 3628 pugnis
502 3568 652 3615 interfuisse.
677 3568 732 3627 Quo
745 3569 801 3614 loco
813 3567 1057 3614 commemorandum
1070 3572 1116 3626 est,
1130 3566 1277 3613 Strabonem
1289 3580 1386 3625 quoque

320 3668 343 3713 p.
357 3654 406 3699 41³
424 3652 451 3700 O.
472 3649 549 3710 (ΞΘ
568 3654 600 3698 36
618 3650 757 3711 Melissus)
776 3653 948 3700 sacerdotibus
964 3653 1070 3698 militiae
1087 3652 1246 3698 vacationem
1262 3649 1386 3696 tribuere:

319 3737 400 3783 rerba
411 3738 478 3784 enim
490 3739 552 3784 haec
569 3739 699 3797 leguntur;
720 3731 759 3785 διὰ
771 3738 844 3786 τοῦτο
862 3732 885 3785 δ’
897 3732 957 3792 ίοως
969 3731 1023 3785 οὐδ’
1039 3731 1063 3783 ἐν
1075 3730 1111 3804 τῷ
1123 3731 1254 3801 καταλόγῳ
1268 3731 1386 3801 μέμνηται

319 3817 371 3869 τῶν
383 3817 485 3870 ἐνταῦθα
497 3815 599 3887 ἀνδρῶν,
610 3815 691 3884 ἐπειδὴ
705 3819 764 3889 ἱεροί
776 3816 847 3880 ὄντες
863 3822 976 3888 παρεῖντο
988 3817 1032 3884 τῆς
1044 3817 1176 3885 στρατείας.
1209 3820 1257 3868 Sed
1274 3825 1330 3866 utut
1345 3834 1385 3866 res

320 3919 374 3952 sese
387 3905 464 3952 habet
477 3907 568 3966 (neque
581 3910 646 3954 enim
659 3909 744 3968 magni
753 3909 871 3954 momenti
881 3913 926 3966 est,
936 3913 1019 3954 utrum
1029 3908 1101 3953 illam
1110 3905 1241 3966 periodum
1251 3906 1385 3952 relativam

321 3991 353 4034 ad
366 3990 511 4050 Laogonem
524 4006 555 4038 an
569 3993 601 4038 ad
619 3992 754 4040 Onetorem
771 3991 918 4054 reseramus)
938 3993 1002 4038 illud
1020 3991 1107 4050 negari
1125 3990 1210 4049 nequit
1228 3989 1384 4035 sacerdotem

319 4079 447 4134 tamquam
461 4076 533 4122 deum
547 4077 641 4122 cultum
654 4091 707 4124 esse
720 4077 777 4123 dici.
