3176 4898
669 344 866 440 „E-

231 539 294 590 tum
309 532 385 590 etin
400 531 504 591 Asiam
519 540 549 591 et
564 533 595 590 in
610 533 768 590 Thraciam
784 541 814 591 et
829 534 860 591 in
876 529 1009 592 Siciliam
1029 532 1196 591 commercii
1211 552 1300 590 causa

229 650 404 702 mercatores
418 643 543 722 profecti
558 650 626 701 sunt
641 663 701 702 non
716 643 868 716 timentes,
887 662 926 702 ne
944 641 986 701 ibi
1001 640 1196 702 laederentur.
1233 642 1299 700 Nec

230 770 300 811 vero
319 759 493 826 serumst,
515 751 594 830 quod
614 753 811 812 Munnnnaus
834 750 955 829 (Gasch.
973 752 1025 811 dcr
1039 751 1147 812 hellen.
1161 751 1300 812 Stemma

230 861 267 918 Ι2
282 883 310 940 p.
329 863 406 936 2993
427 862 464 920 cf.
480 861 799 934 Buaousausorrunrz,
821 862 919 920 Besitz'
940 861 1002 919 und
1024 861 1155 936 Erwerb,
1175 883 1203 940 p.
1225 860 1298 939 359)

231 969 362 1044 adnotat,
385 979 560 1030 mercatores
579 991 640 1030 non
656 971 785 1030 Graecos
806 970 858 1030 sed
881 971 1021 1030 barbaros
1040 973 1139 1032 fuisse.
1177 971 1299 1032 Etenim

232 1100 249 1137 υ
265 1082 325 1138 382
342 1101 376 1159 sq
391 1080 561 1160 Penelopae
576 1081 658 1158 proci
673 1081 861 1140 minitantur:

381 1207 453 1285 τοὺς
469 1208 579 1290 ξείνους
593 1214 625 1274 έν
641 1211 689 1283 νηὶ
703 1204 884 1282 πολυκλήιδι
900 1213 1044 1292 βαλόντες

385 1325 415 1394 ἐς
429 1317 573 1395 Σικελοὺς
586 1318 762 1408 πέμψωμεν,
779 1320 843 1385 ὅθεν
859 1322 895 1385 κέ
910 1345 957 1384 τοι
974 1315 1058 1396 ἀξιον
1074 1323 1165 1408 ἄλφοι

232 1467 262 1519 et
277 1479 297 1518 α
315 1461 375 1519 182
390 1478 445 1538 sqq
465 1460 582 1518 Montes
602 1459 746 1518 Tamesae
766 1479 832 1518 aere
852 1461 953 1538 cyprio
974 1460 1084 1520 ferrum
1106 1468 1300 1520 commutasse

231 1569 334 1628 fertur.

384 1681 436 1736 νῦν
452 1667 478 1736 δ’
498 1667 560 1738 ὧδε
575 1672 626 1754 ξὺν
643 1677 691 1746 νηὶ
705 1672 879 1744 κατήλυθον
895 1667 941 1745 ἦθ’
961 1676 1119 1760 ἑτάροισιν,

387 1785 490 1847 πλέων
506 1787 556 1848 ἐπὶ
571 1788 678 1848 οἴνοπα
692 1785 805 1849 πόντον
822 1785 864 1848 ἑτέ
885 1785 1065 1872 ἀλλοθρόους
1081 1787 1258 1871 ἀνθρώπους,

384 1899 414 1968 ἐς
429 1893 567 1996 Τεμέσαν
583 1895 663 1981 μετὰ
678 1897 804 1980 χαλκόν,
820 1895 887 1983 ἄγω
904 1885 929 1957 θ’
946 1895 1060 1958 αἴθωνα
1075 1889 1203 1984 σίδηρον.

296 2043 363 2101 Hoc
381 2049 481 2101 autem
500 2050 624 2121 utroque
646 2042 710 2100 loco
733 2050 908 2102 mercatores
931 2043 1060 2103 Graecos
1085 2042 1301 2120 intellegendos

231 2171 294 2211 esse
308 2151 540 2210 luculentissime
562 2150 667 2210 elucet.
711 2150 767 2210 Oui
790 2152 908 2230 quidem
930 2155 1093 2212 sententiae
1112 2174 1173 2212 non
1194 2152 1299 2227 obstat,

231 2261 492 2340 quodmereatores
500 2261 870 2340 omninoillistemporibus
877 2263 961 2340 parvi
969 2263 1117 2323 aestimati
1126 2282 1188 2321 esse
1197 2263 1299 2322 dicun·

231 2381 287 2430 tur.
324 2371 519 2430 Notissimum
538 2372 618 2430 enim
637 2379 689 2444 est,
710 2379 893 2450 quantopere
908 2372 1013 2431 Ulixes
1029 2392 1062 2431 eo
1078 2381 1239 2431 commotus
1254 2374 1299 2444 sit,

231 2481 312 2560 quod
326 2481 479 2561 Euryalus
493 2480 617 2540 Phaeax
632 2479 715 2554 dixit,
732 2501 799 2541 eum
814 2490 1005 2542 mercatorem
1026 2501 1089 2542 esse
1109 2482 1212 2541 videri.
1252 2481 1297 2541 Of.

230 2587 320 2651 0161
340 2611 394 2669 sqq

326 2763 329 2770 ,
384 2697 467 2760 ἀλλά
482 2703 528 2778 τῷ
543 2696 574 2771 ὅς
588 2697 611 2759 θ’
631 2698 698 2784 ἅμα
713 2700 759 2771 νηὶ
770 2691 951 2769 πολυκλήιδι
965 2690 1109 2782 θαμίζων,

384 2805 473 2892 ἀρχὸς
488 2806 628 2869 ναυτάων
644 2809 722 2872 οἵτε
736 2819 905 2895 πρηκτῆρες
920 2813 1012 2890 ἔασιν,

384 2917 496 3003 φόρτου
510 2941 547 2981 τε
562 2919 688 3005 μνήμων
703 2919 756 2981 καὶ
771 2919 933 2992 ἐπίσκοπος
948 2917 1018 2982 εἶσιν
1036 2911 1147 2982 όθαίων

382 3019 513 3116 κερθέων
527 3029 551 3091 θ’
570 3029 740 3116 ἁρπαλέων·
756 3021 820 3091 οὐθ’
836 3029 984 3116 ἀθλητῆρι
999 3033 1106 3102 ἔοικας.

294 3168 400 3228 Ulixes
414 3169 494 3227 enim
509 3170 607 3227 statim
622 3165 639 3227 0
657 3171 715 3227 166
731 3169 805 3227 haec
819 3168 982 3247 respondit:
1046 3224 1048 3229 s

384 3273 464 3357 ξεῖν’,
480 3275 514 3337 οὐ
530 3272 626 3338 καλὸν
643 3279 746 3349 ἔειπες·
761 3271 931 3353 ἀτασθάλῳ
946 3267 1031 3359 ἀνδρὶ
1048 3278 1157 3348 ἔοικας.

295 3389 359 3447 Nec
373 3387 594 3465 neglegendum
609 3397 661 3460 est,
684 3397 880 3447 mercaturam
901 3387 1024 3446 ducibus
1044 3388 1201 3466 indignam
1214 3389 1297 3448 habi-

230 3507 377 3558 tamesae.
422 3498 529 3559 Graeci
545 3501 625 3557 enim
640 3500 729 3558 etiam
744 3499 903 3576 posteriore
923 3507 1053 3576 tempore
1074 3500 1192 3558 omnino
1208 3519 1296 3575 nega-

229 3617 346 3681 verunt,
362 3608 461 3668 liberis
476 3609 644 3668 hominibus
659 3609 783 3686 dignum
798 3627 869 3680 esse,
893 3608 971 3687 quod
986 3607 1136 3688 laboribus
1150 3607 1228 3666 bona
1243 3607 1298 3666 sibi

230 3727 376 3797 pararent.
408 3717 454 3778 Cf.
472 3719 708 3778 Buncnssnson.
721 3719 740 3778 1.
753 3719 772 3777 l.
786 3740 813 3798 p.
831 3720 900 3776 256.
930 3719 1036 3795 Itaque
1052 3717 1132 3776 haud
1148 3738 1296 3796 quaquam

229 3829 397 3889 mirandum
408 3836 461 3902 est,
473 3829 552 3909 quod
564 3849 599 3888 eo
610 3837 749 3907 tempore,
762 3848 820 3906 quo
832 3828 940 3886 milites
953 3828 1121 3886 civitatibus
1132 3837 1297 3908 praeerant,

229 3948 346 3999 tantum
361 3939 471 3998 bellum
487 3939 579 3998 libero
595 3940 658 3998 viro
673 3940 859 4015 maximeque
874 3939 1006 4017 principe
1022 3937 1146 4015 dignum
1161 3948 1297 4018 putatum

230 4059 282 4110 cst.
328 4049 378 4108 Illi
397 4057 497 4108 autem
519 4057 693 4107 mercatores
713 4070 773 4106 non
796 4047 984 4120 dubitabant,
1008 4051 1179 4126 peregrinas
1206 4059 1297 4108 terras
