3176 4898
720 298 762 362 25

209 479 321 542 εἰδέναι
336 481 392 543 οὐκ
407 472 622 555 ὀνειδιζόντων.
667 485 723 545 Cui
741 487 801 544 iam
819 484 1010 547 Aristarchus
1029 489 1209 559 (notissimus
1224 492 1275 551 ille

209 594 430 668 grammaticus)
451 593 603 653 oblocutus
618 602 669 654 est.
706 595 862 671 Leguntur
876 596 957 654 enim
971 597 1004 655 in
1018 595 1128 655 scholio
1143 593 1183 653 ad
1197 613 1218 680 γ
1234 595 1271 650 71

208 702 283 760 haec
297 701 402 762 verba:
424 699 616 764 καθάπτεται
631 693 664 764 δὲ
680 701 738 784 καὶΙ
748 694 940 764 Θουκυδίδου
952 700 1150 790 Ἀρίσταρχος
1171 699 1275 786 λέγον-

208 830 262 881 τος
277 807 317 881 ὥς
332 809 387 872 οὐκ
402 807 525 896 αἰσχρὸν
539 814 672 897 ἡγοῦντο
688 807 726 873 τὸ
741 802 894 886 ληίζεσθαι
914 818 942 876 ol
960 813 1096 891 παλαιοὶ,
1112 813 1144 874 έν
1160 804 1202 884 οἶς
1216 831 1274 896 φη·

208 916 264 978 σίν·
286 920 358 992 “οὑ’ς
377 942 428 1006 μοι
441 921 591 992 ληίσσατο
606 912 669 993 θῖος
684 912 894 995 Ὀδυσσεθς”.
938 925 1004 984 Νοο
1022 945 1092 984 vero
1115 924 1200 1002 parvi
1214 942 1274 980 mo·

209 1031 301 1089 menti
316 1030 354 1089 ad
370 1033 447 1091 hanc
462 1053 524 1092 rem
538 1033 747 1112 explicandam
762 1043 807 1093 est
825 1053 927 1094 versus
942 1027 959 1112 ξ
979 1036 1039 1092 262
1060 1033 1272 1111 interpretatio.

209 1139 257 1198 Ibi
272 1142 352 1200 enim
366 1141 404 1202 de
415 1142 515 1202 Ulixis
530 1144 616 1201 sociis
631 1143 748 1217 dicitur,
764 1145 814 1222 qui
830 1144 914 1202 ducis
928 1152 1087 1222 praecepta
1100 1149 1276 1222 spreverunt

209 1259 238 1308 et
253 1251 285 1309 iu
300 1250 468 1331 Aegyptios
483 1253 625 1331 impetum
640 1253 781 1313 fecerunt.
813 1253 931 1333 Scripta
946 1255 1025 1313 euim
1039 1254 1113 1313 haec
1128 1260 1212 1311 sunt:

361 1358 417 1444 ἔνθ’
434 1359 504 1430 ἦτοι
519 1357 573 1443 μὲν
589 1355 651 1448 έγῶ
667 1359 798 1446 κελόμην
815 1360 931 1446 ἐρίηρας
945 1360 1081 1447 ἑταίρους

361 1469 456 1531 αὐτοῦ
471 1466 531 1554 πὰρ
547 1470 647 1541 νήεσσι
662 1469 762 1557 μένειν
777 1471 829 1533 καὶ
845 1480 917 1545 νῆας
933 1470 1060 1555 έρυσθαι,

361 1578 494 1663 ὀπτῆρας
509 1571 543 1642 δὲ
557 1576 640 1642 κατὰ
655 1576 781 1655 σκοπιὰς
796 1578 916 1665 ὤτρυνα
930 1579 1055 1644 νέεσθαι·

361 1688 388 1750 ol
404 1681 429 1751 δ’
448 1690 528 1776 ὕβρει
543 1686 684 1769 εἴξαντες,
700 1691 890 1776 ἐπισπόμενοι
904 1689 987 1775 μένεϊ
998 1695 1073 1772 σφῷ,

361 1795 435 1882 αἶψα
450 1800 519 1884 μάλ’
540 1799 715 1887 Αἰγυπτίων
732 1789 849 1887 ἀνδρῶν
863 1798 1063 1888 περικαλλέας
1079 1798 1196 1885 ἀγρούς,

360 1907 484 1995 πόρθεον
500 1913 570 1975 κτλ.

275 2019 389 2094 Quibus
400 2022 432 2081 in
442 2021 539 2082 verbis
547 2023 837 2083 Nasonnsnscnrus
849 2023 869 2082 l.
881 2023 900 2081 l.
912 2044 941 2101 p.
954 2023 1014 2083 295
1031 2019 1109 2104 ὕβρις
1120 2041 1223 2081 vocem
1234 2022 1277 2080 ita

207 2131 432 2209 interpretatur,
448 2140 481 2190 ut
496 2133 633 2191 iniuriam
650 2133 717 2192 duci
733 2133 853 2192 allatam
874 2132 1029 2209 significet,
1045 2132 1277 2192 Senonunuuus

211 2248 310 2300 autem
352 2239 469 2301 Griecb.
508 2241 636 2301 Alterth.
679 2244 735 2302 vol.
775 2246 791 2300 1
830 2264 857 2322 p.
896 2245 937 2301 47
982 2241 1146 2315 concludit,
1192 2241 1277 2299 illurn

211 2350 382 2411 Cretensem
398 2385 437 2394 -
454 2353 505 2433 qui
519 2353 593 2412 haec
607 2351 699 2412 verba
723 2352 821 2412 dicere
835 2353 957 2430 fingitur
967 2383 1009 2395 -
1025 2351 1150 2430 praedas
1179 2351 1277 2410 facere

215 2463 335 2520 omnino
350 2463 488 2521 iniuriam
509 2462 655 2522 habuisse.
699 2464 768 2523 Utri
791 2464 953 2523 sentcntiae
974 2463 1068 2520 maior
1088 2459 1280 2540 probabilitas

213 2570 372 2631 tribuenda
397 2573 448 2645 sit,
474 2573 533 2630 iam
562 2581 694 2632 nostrum
723 2582 768 2633 est
791 2573 901 2632 videre.
955 2573 993 2631 In
1018 2572 1158 2630 Duncani
1183 2572 1279 2630 lexico

210 2683 357 2740 homerico
373 2703 390 2741 a
404 2683 507 2741 Restio
522 2681 600 2742 edito
616 2683 669 2742 illa
683 2682 774 2742 verba
796 2684 827 2741 in
843 2683 922 2742 hunc
937 2681 1057 2742 modum
1080 2681 1278 2761 explicantur:

211 2794 261 2868 „oi
277 2778 387 2876 θ’θβρει
403 2786 536 2868 εἴξαντες
555 2792 742 2875 έπιςπόμενοι
761 2788 843 2876 μένεϊ
865 2795 930 2874 σφῷ
946 2786 963 2866 ξ
979 2793 1038 2856 262
1062 2792 1131 2874 (=p
1147 2790 1222 2868 431)
1247 2791 1278 2848 hi

214 2921 284 2961 vero
307 2903 432 2960 iniuriae
454 2922 524 2962 suae
547 2904 645 2962 locum
667 2902 772 2961 dantes
794 2911 823 2962 et
846 2902 1039 2982 obsequentes
1059 2899 1176 2960 libidini
1198 2917 1277 2971 suae,

211 3011 259 3070 die
282 3013 374 3071 ihrem
390 3011 500 3071 Triebe
521 3033 575 3070 nur
588 3013 857 3090 Ungerechtigkeit
870 3013 958 3070 Platz
980 3012 1077 3089 geben
1099 3009 1162 3070 und
1183 3011 1278 3068 ihrem

211 3122 400 3182 Muthwillen
415 3123 558 3200 folgten.“
600 3122 685 3197 Quae
699 3122 818 3203 quidem
833 3123 943 3181 iniuria
956 3143 1015 3181 non
1029 3129 1090 3180 tam
1107 3120 1175 3179 duci
1188 3140 1278 3198 quam

211 3233 267 3291 diis
283 3232 375 3316 ¹illata
396 3241 448 3292 est.
492 3233 549 3292 Ille
571 3234 650 3292 enim
675 3235 722 3291 vir
737 3232 895 3306 Cretensis,
920 3252 1007 3311 quem
1023 3233 1127 3292 Ulixes
1155 3250 1187 3290 se
1215 3249 1279 3290 esse

211 3343 329 3401 simulat
358 3345 499 3421 cuiusque
526 3342 618 3402 verba
641 3336 657 3419 ξ
687 3344 748 3400 262
778 3343 950 3414 afferuntur,
981 3341 1061 3416 dicit,
1090 3342 1183 3400 socios
1211 3360 1278 3398 suos

209 3453 347 3510 iniuriam
370 3452 474 3510 fecisse
495 3471 529 3510 eo
552 3451 631 3531 quod
645 3452 864 3531 Aegyptiorum
887 3472 973 3529 agros
995 3457 1168 3510 vastassent.
1211 3450 1278 3508 Iam

209 3582 279 3621 vero
287 3561 546 3621 Aursnnrurnlus
555 3564 585 3620 in
594 3563 844 3621 Naucanssscrn
852 3561 926 3620 libro
934 3561 972 3620 de
983 3561 1071 3619 theol.
1080 3561 1157 3618 hom.
1170 3558 1278 3636 scripto

208 3681 309 3750 negat,
335 3672 394 3731 dici
419 3692 504 3751 posse
538 3673 627 3730 aliam
658 3673 796 3731 iniuriam
830 3692 918 3750 quam
948 3669 1016 3728 duci
1044 3669 1165 3727 allatam
1198 3666 1277 3746 quod

211 3783 369 3843 Cretenses
384 3784 428 3842 illi
444 3791 598 3862 propterea
613 3791 729 3840 tantum
745 3781 784 3841 ad
798 3780 972 3860 Aegyptum
994 3797 1086 3838 naves
1100 3777 1278 3857 appulerint,

165 3938 168 3946 .
210 3902 243 3952 ut
267 3914 353 3970 agros
375 3901 527 3953 vastarent
549 3893 739 3971 hominesque
762 3899 910 3971 caperent.
960 3889 1056 3962 „Eine
1075 3887 1277 3947 Kauffarthei·

210 4005 320 4077 flotte,“
336 4005 432 4082 inquit
447 4003 713 4074 Aurnunrnrruus,
730 4004 786 4076 „ist
801 4023 832 4062 es
847 4001 953 4077 gewiss
969 4000 1058 4070 nicht,
1071 4000 1124 4057 wir
1139 3998 1276 4058 erfahren
