3176 4898
802 283 839 344 16

287 488 345 546 quo
360 468 476 545 excepti
490 477 583 540 erant,
599 467 706 546 ubique
722 470 944 546 pervulgarunt.
974 469 1062 543 Quod
1074 469 1243 548 Penelopae
1254 471 1356 544 verba,

287 597 364 656 quae
378 598 398 635 τ
414 579 475 635 333
491 597 525 654 sq
539 576 682 653 leguntur
696 579 773 636 clare
789 587 878 656 atque
893 578 1047 639 evidenter
1060 587 1210 638 testantur

439 689 495 744 τοῦ
511 684 566 767 μέν
580 707 617 746 τε
631 684 720 757 κλέος
734 682 803 770 εὐρὺ
819 677 869 746 δια
886 683 974 764 ξεῖνοι
989 685 1144 771 φορέουσιν

439 794 554 866 πάντας
568 796 615 856 ἐπ’
631 794 812 878 ἀνθρώπους,
827 797 938 856 πολλοί
951 795 988 856 τέ
1003 818 1052 879 μιν
1068 793 1173 857 ἐσθλὸν
1189 800 1298 859 ἔειπον.

350 907 416 964 Nee
429 914 529 965 tamen
545 906 627 965 deest
644 908 726 966 loeus
740 908 917 980 homericus,
940 928 999 986 qno
1021 906 1173 986 probetur,
1196 909 1358 986 hospitium

286 1036 403 1095 quoque
418 1038 436 1074 a
457 1016 579 1074 nefariis
598 1016 765 1075 hominibus
785 1016 855 1075 deos
877 1038 1068 1096 mensamque
1088 1019 1263 1096 hospitalem
1282 1019 1358 1077 nihil

288 1125 491 1184 reverentibus
502 1126 645 1184 violatum
656 1147 728 1186 esse.
752 1128 909 1205 Leguntnr
919 1129 998 1185 enim
1009 1130 1078 1209 φ27
1091 1149 1145 1206 sqq
1160 1128 1234 1186 haec
1250 1127 1357 1186 verba:

439 1233 470 1305 ὅς
485 1256 534 1318 μιν
551 1230 647 1312 ξεῖνον
661 1234 755 1296 ἐόντα
769 1235 958 1296 κατέκτανεν
971 1225 995 1314 ᾦ
1010 1236 1054 1296 ἐνὶ
1069 1237 1151 1314 οἴκῳ,

439 1341 584 1426 σχέτλιος,
599 1336 671 1405 οὐδὲ
686 1344 761 1406 θεῶν
776 1344 843 1406 ὄπιν
860 1333 984 1424 ᾐδέσατ’
992 1394 1000 1421 ,
1015 1337 1086 1406 οὐδὲ
1099 1336 1264 1428 τράπεζαν,

422 1453 497 1521 ,τὴν
512 1445 549 1521 δή
566 1459 594 1514 οἱ
609 1453 783 1538 παρέθηκεν·

354 1563 415 1622 Sed
429 1573 462 1622 ut
476 1566 553 1623 hane
569 1565 606 1624 de
620 1567 746 1644 hospitio
761 1567 907 1625 homerico
921 1566 1123 1644 quaestionem
1137 1566 1278 1625 adfinem
1292 1585 1359 1646 per·

287 1673 438 1747 ducamus,
453 1694 550 1752 pauca
564 1676 653 1734 liceat
667 1675 784 1735 addere.
828 1675 933 1733 Restat
947 1675 1034 1747 enim,
1055 1683 1089 1733 ut
1102 1674 1264 1748 videamus,
1285 1675 1358 1755 quid

288 1805 326 1844 ex
340 1783 438 1843 verbis
453 1785 491 1843 ad
506 1784 731 1844 describendum
751 1785 870 1863 hospitii
889 1803 998 1842 morem
1017 1786 1166 1863 usurpatis
1181 1784 1359 1845 concluden-

288 1893 359 1953 dum
374 1895 419 1952 sit.
464 1895 507 1953 Et
522 1913 559 1954 ex
575 1915 609 1954 eo
623 1894 743 1973 quidem
757 1894 837 1973 quod
852 1888 947 1971 ξεῖνος
960 1893 1047 1952 modo
1068 1914 1136 1953 eum
1156 1896 1208 1974 qni
1228 1896 1358 1974 peregri·

288 2025 360 2063 num
375 2004 486 2083 exeipit
500 2003 586 2062 modo
601 2006 789 2083 peregrinum
805 2005 855 2082 qni
876 2004 1023 2081 excipitur
1045 2004 1201 2080 signifieat,
1222 2004 1366 2064 concludi·

288 2114 363 2173 nihil
378 2133 463 2192 posse
477 2114 666 2172 manifestum
681 2123 733 2174 est.
775 2112 866 2173 Cuius
888 2115 931 2173 rei
953 2114 1091 2191 exempla
1112 2114 1234 2173 afferam
1256 2114 1357 2188 verba,

286 2244 362 2303 quae
377 2221 393 2282 θ
411 2227 471 2282 158
488 2243 542 2302 sqq
557 2224 763 2298 inveniuntur,
787 2223 837 2282 ubi
858 2223 1009 2303 Euryalus
1031 2224 1152 2282 Phaeax
1174 2224 1296 2283 Ulixem
1311 2226 1357 2284 his

287 2333 386 2394 verbis
400 2333 563 2412 alloquitur

440 2439 474 2503 οὐ
490 2439 546 2526 γάρ
563 2440 585 2501 σ’
606 2431 687 2519 οὐδέ,
704 2437 810 2518 ξεῖνε,
827 2432 957 2523 δαήμονι
968 2441 1048 2525 φωτὶ
1063 2441 1153 2503 ἐίσκω

286 2555 332 2613 eui
348 2554 454 2612 Ulixes
469 2546 486 2610 θ
503 2549 563 2612 166
579 2552 654 2610 haee
669 2550 829 2630 respondet

439 2657 539 2742 ξεῖν’,
556 2659 590 2721 οὐ
607 2655 702 2721 καλὸν
719 2663 823 2732 ἔειπες·

353 2772 413 2833 Sed
428 2773 497 2832 inde
513 2770 626 2851 aliquid
639 2771 839 2848 colligendum
851 2791 913 2831 esse
924 2773 996 2830 mihi
1007 2772 1135 2848 videtur,
1150 2771 1230 2852 quod
1245 2762 1357 2849 ξεινίζω

288 2891 317 2942 et
332 2880 425 2966 φιλέω
442 2881 533 2942 verba
548 2881 651 2940 eodem
667 2901 755 2954 sensu
769 2890 958 2961 usurpantur.
992 2881 1083 2941 Cuius
1098 2902 1167 2941 usus
1182 2889 1226 2940 tot
1241 2891 1359 2941 exstant

288 2993 441 3071 exempla,
463 3001 495 3052 ut
509 2992 592 3051 facili
607 2993 726 3068 negotio
742 2992 893 3071 aptissima
908 2993 979 3070 eligi
993 2995 1114 3071 possint.
1160 2991 1236 3050 Fere
1256 2992 1360 3051 eadem

289 3110 360 3161 sunt
374 3100 474 3176 verba,
490 3122 567 3182 quae
581 3097 607 3160 Γ
623 3103 683 3160 232
700 3121 735 3180 sq
748 3101 902 3178 leguntur:

438 3209 570 3271 πολλάκι
585 3232 634 3293 μιν
651 3200 791 3281 ξείνισσεν
808 3209 961 3295 ἀρηίφιλος
977 3205 1136 3281 Μενέλαος

440 3321 513 3399 οἴκῳ
527 3319 559 3380 έν
575 3317 721 3403 ἡμετέρῳ,
737 3317 831 3380 ὁπότε
847 3315 1004 3404 Κρήτηθεν
1019 3319 1115 3380 ἵκοιτο

288 3439 377 3511 atque
393 3422 485 3489 verba
499 3426 525 3489 Z
542 3431 579 3488 15
597 3431 706 3509 scripta

440 3537 556 3609 πάντας
571 3533 629 3622 γὰρ
645 3535 800 3622 φιλέεσκεν
816 3525 878 3618 odoi
893 3541 941 3600 ἔπι
960 3538 1040 3601 οἰκία
1054 3537 1155 3603 ναίων.

353 3648 466 3723 Quodsi
487 3651 552 3729 quis
575 3650 661 3728 plura
684 3650 770 3707 huius
793 3650 881 3707 moris
903 3650 1040 3730 exempla
1061 3649 1205 3728 postulat,
1228 3652 1361 3710 conferat

288 3756 313 3819 Γ
330 3761 400 3832 207,
424 3755 538 3833 Neai,
562 3780 583 3818 α
601 3761 669 3832 123,
686 3749 705 3817 t
721 3761 770 3834 νο,
786 3778 804 3826 η
822 3760 871 3833 33,
896 3754 978 3833 042,
1001 3761 1110 3841 μιεο,
1133 3780 1148 3817 ν
1165 3760 1235 3834 see,
1258 3747 1275 3831 ξ
1290 3763 1360 3834 128,

290 3871 361 3942 322,
383 3871 486 3941 ο201,
511 3871 581 3943 281,
608 3869 679 3942 305,
697 3870 768 3942 543,
792 3870 872 3951 ρ56,
890 3871 960 3942 111,
982 3889 1004 3928 τ
1021 3869 1090 3943 195,
1114 3889 1138 3927 ω
1156 3870 1226 3928 272.
1271 3871 1361 3930 Unde

290 3977 400 4038 facturn
421 3986 479 4052 est,
503 3985 534 4035 ut
554 3976 678 4060 φιλότης
699 3977 803 4037 eadem
828 3979 1044 4055 significatione
1067 3973 1257 4057 usurparetur
1273 3987 1360 4058 atque
