3176 4898
802 327 839 389 12

721 415 921 422 Μ

370 511 433 570 lam
460 532 530 570 vero
557 522 693 591 apparet,
720 525 902 593 quantopere
918 517 1124 574 commercinm
1140 517 1203 574 iure
1222 517 1354 592 gentium

285 621 418 679 adiutum
435 623 480 680 sit.
511 625 624 681 Verum
639 633 740 683 tamen
755 626 952 701 negotiatores
967 623 1012 682 illi
1026 644 1115 704 saepe
1130 647 1190 684 non
1202 625 1354 684 dubitave-

284 741 361 804 runt,
378 733 493 791 lucrum
508 735 620 811 rapinis
636 733 747 792 facere:
772 735 813 791 ita
830 733 941 792 factum
957 742 1013 806 est,
1035 742 1067 792 ut
1082 736 1280 811 negotiatores
1295 756 1355 794 non

284 842 379 900 solum
394 863 441 900 res
456 843 643 922 pecudesque
658 863 762 902 verum
778 845 866 902 etiem
887 844 1019 902 homines
1038 845 1170 922 rapuisse
1190 843 1354 902 tradantur.

285 952 373 1011 Adde
388 952 466 1030 quod
482 973 529 1010 ars
544 951 708 1028 navigandi
726 954 756 1010 in
773 951 952 1010 carminibus
974 953 1129 1012 homericis
1150 955 1210 1011 iam
1229 962 1290 1011 tam
1306 974 1356 1013 ex-

288 1063 368 1121 culta
382 1063 473 1122 fuisse
488 1061 571 1121 nobis
586 1062 721 1134 traditur,
733 1071 764 1119 ut
776 1061 863 1120 facile
878 1064 1043 1140 suspiceris,
1059 1064 1125 1121 illos
1139 1070 1245 1121 nautas
1260 1064 1292 1121 in
1307 1083 1355 1122 ex·

284 1181 393 1231 tremas
407 1174 542 1248 regiones
557 1172 721 1259 navigasse.
752 1170 908 1252 Quaenam
924 1181 1022 1232 autem
1038 1193 1127 1231 causa
1142 1173 1231 1231 fuerit
1246 1193 1298 1231 cur
1314 1181 1357 1231 tot

285 1302 320 1340 ac
334 1289 432 1340 tantos
448 1281 561 1340 labores
578 1283 764 1354 sustinerent,
781 1279 903 1338 dubium
919 1301 981 1340 esse
997 1283 1108 1360 nequit.
1146 1283 1283 1360 Namque
1298 1284 1358 1340 iam

285 1399 348 1448 turn
371 1411 484 1449 summa
504 1390 643 1469 cupidine
663 1391 737 1449 lucri
757 1390 887 1449 faciendi
906 1392 1039 1450 homines
1059 1392 1173 1470 impleti
1195 1400 1280 1452 erant
1302 1413 1358 1452 nec

285 1499 446 1578 quidquam
470 1501 639 1579 impedivit,
667 1501 823 1578 quominus
844 1501 876 1559 in
897 1502 1027 1560 externis
1049 1501 1218 1578 regionibus
1239 1501 1358 1561 divitias

287 1609 342 1667 sibi
357 1630 462 1688 parare
482 1609 642 1669 studerent.
688 1608 715 1667 Ii
737 1617 836 1668 autem
856 1611 906 1688 qui
927 1612 1100 1670 commercio
1120 1633 1181 1670 non
1203 1611 1354 1685 favebant,

285 1718 341 1778 feri
356 1727 544 1798 agrestesque
559 1719 652 1778 habiti
672 1729 749 1779 sunt.
795 1719 1082 1799 Cyclopes'quidem
1102 1721 1156 1779 soli
1176 1722 1258 1781 omni
1277 1722 1357 1781 vitae

287 1833 400 1890 ratione
415 1840 551 1910 expertes
572 1833 603 1889 in
625 1830 803 1891 carminibus
824 1831 979 1888 homericis
1002 1840 1279 1905 commemorantur,
1306 1833 1357 1910 qui

287 1941 402 1999 nullum
418 1943 624 2000 commercium
640 1941 781 2029 fecerunt,
814 1939 859 1999 cf.
877 1962 886 1999 ι
904 1941 962 1998 125
979 1960 1034 2018 sqq

437 2049 471 2110 οὐ
487 2048 544 2135 γοὶρ
564 2046 761 2110 Κυκλώπεσσι
776 2046 839 2120 νέες
854 2045 937 2133 ποίρα
951 2047 1164 2134 μιλτοπάρῃοι,

437 2150 501 2222 οὐδ’
523 2149 626 2242 ἄνδρες
637 2163 717 2230 νηῶν
734 2161 777 2220 ἔνι
788 2157 940 2241 τέκτονες,
956 2159 986 2219 οί
998 2179 1032 2220 κε
1047 2157 1173 2242 κάμοιεν

438 2277 511 2341 νῆας
526 2267 718 2352 ἐυσσέλμους,
735 2269 767 2328 αἵ
780 2290 831 2330 κεν
846 2267 978 2330 τελέοιεν
994 2267 1114 2329 ἕκαστον

438 2379 519 2442 ἄστε’
538 2378 583 2440 ἐπ’
601 2376 764 2462 ἀνθρώπων
781 2377 960 2461 ἱκνεύμεναι,
977 2371 1025 2439 οἷοί
1040 2399 1076 2440 τε
1091 2377 1194 2440 πολλοί

437 2481 540 2573 ἄνδρες
556 2488 599 2550 ἐπ’
621 2489 773 2560 ἀλλήλους
788 2486 890 2558 νηυσὶν
905 2487 1034 2570 περόωσι
1047 2487 1213 2552 θάλασσαν.

349 2601 460 2660 Omnes
476 2609 575 2660 antem
591 2601 740 2682 peregrini
756 2607 841 2658 erant
855 2601 1035 2658 sacrosancti
1051 2608 1079 2658 et
1095 2622 1113 2659 a
1127 2599 1203 2660 Iove
1215 2600 1356 2677 tegeban-

284 2720 340 2770 tur.
384 2711 476 2771 Cuius
491 2713 533 2770 rei
550 2713 573 2770 si
594 2711 730 2789 exempla
750 2710 877 2788 petimus
901 2709 995 2767 multa
1018 2710 1102 2769 nobis
1126 2719 1296 2786 occurrunt,
1319 2731 1356 2770 ex

285 2821 391 2900 quibus
401 2821 668 2903 luculentissimum
679 2829 796 2879 tantum
807 2823 916 2898 eligere
932 2823 1003 2880 satis
1015 2823 1079 2881 erit.
1101 2821 1193 2880 Velut
1205 2821 1357 2880 Nausicaa

285 2920 303 3002 ζ
318 2934 379 2990 207
397 2953 451 3010 sqq
465 2933 618 2990 notissima
632 2931 685 2989 illa
699 2930 791 2989 verba
806 2932 930 3009 profert:

674 3035 746 3121 πρὸς
760 3038 818 3125 γὰρ
836 3037 905 3113 Διός
920 3045 991 3101 εἰσιν
1007 3039 1142 3111 ἅπαντες

438 3147 527 3227 ’ξεῖνοι
542 3171 577 3210 τε
593 3148 710 3236 πτωχοί
726 3171 771 3226 τε,
785 3139 863 3222 δόσις
876 3138 901 3210 δ’
922 3149 1010 3235 ὀλίγη
1025 3172 1062 3211 τε
1077 3151 1148 3234 φίλη
1163 3170 1200 3211 τε

284 3281 360 3339 quae
375 3261 467 3320 verba
482 3282 550 3320 cum
565 3263 691 3320 Eunraei
707 3261 804 3320 verbis
820 3255 836 3338 ξ
849 3263 889 3320 57
907 3283 940 3340 sq
955 3262 1044 3341 plane
1057 3270 1232 3338 congruunt.
1257 3261 1356 3335 Quare

283 3372 424 3460 quoniam
438 3372 573 3450 Iuppiter
588 3372 758 3450 peregrinos
774 3373 849 3434 tueri
861 3372 1022 3446 dicebatur,
1035 3374 1098 3451 ipse
1115 3371 1187 3432 deus
1203 3373 1356 3451 hospitalis

286 3475 415 3560 (ξείνιος)
433 3479 651 3559 appellabatur:
668 3480 704 3538 cf.
721 3502 730 3540 ι
746 3483 808 3540 270
824 3501 858 3560 sq

437 3584 511 3660 Ζεὺς
528 3579 554 3648 δ’
574 3589 762 3674 ἐπιτιμήτωρ
779 3588 910 3651 ἱκετάων
925 3611 961 3651 τε
976 3586 1078 3669 ξείνων
1093 3611 1138 3667 τε,

438 3696 550 3777 ξείνιος,
566 3697 598 3771 ὅς
615 3695 751 3776 ’ξείνοισιν
767 3699 818 3784 ἅμ’
837 3691 989 3762 αἰδοίοισιν
1006 3690 1121 3771 ὀπηδεῖ.

286 3808 332 3868 Cf.
349 3812 438 3870 etiam
454 3807 470 3888 ’ξ
486 3815 556 3885 389,
572 3834 591 3880 η
611 3813 678 3870 164.

349 3921 419 3978 Tali
441 3922 533 3997 igitur
555 3923 648 4010 tutela
670 3922 715 3980 usi
740 3924 890 4001 peregrini
917 3922 1026 4001 ubique
1053 3922 1276 4001 excipiebantur
1302 3943 1357 3983 nec

286 4031 380 4088 solnm
401 4030 464 4088 cibo
486 4053 589 4090 verum
613 4033 701 4090 etiam
724 4032 855 4090 vestibus
878 4032 1072 4090 donabantur.
1118 4034 1220 4112 Turpe
1242 4053 1357 4112 qnoque

727 4238 867 4311 Γ
