3176 4898
772 325 962 419 -18-

339 516 499 574 homcrica:
515 514 591 574 adde
606 514 684 593 quod
705 515 879 594 peregrinus
899 512 938 572 ab
958 515 1072 592 hospite
1094 515 1275 592 postulabat,
1299 525 1331 576 ut
1354 538 1404 577 cx·

226 659 228 662 -
339 626 499 703 ciperetur:
520 625 626 704 quibus
641 624 678 684 de
693 625 765 684 locis
780 645 869 703 supra
883 625 942 682 iam
958 623 1068 682 dictum
1084 632 1135 683 cst.
1181 626 1231 683 Ex
1249 627 1285 684 iis
1306 635 1404 686 autom

340 754 417 814 quae
432 737 619 813 exposuimus
633 753 777 814 apparere
791 733 917 806 videtur,
934 735 978 792 ius
991 734 1111 812 hospitii
1125 734 1216 795 fuisse
1235 737 1325 815 idque
1340 737 1405 796 dili·

339 845 509 922 gentissime
523 843 709 904 observatum
724 864 796 904 esse.

403 954 562 1032 Hospitem
576 973 647 1012 vcro
662 954 720 1011 iuri
740 954 921 1011 simillimum
941 954 1067 1012 cretius
1088 954 1254 1032 supplicum
1276 964 1306 1015 et
1324 975 1404 1016 men-

340 1063 481 1124 dicorum.
526 1062 683 1141 Supplices
709 1063 788 1122 enirn
814 1062 852 1122 ab
878 1062 1013 1121 omnibns
1042 1063 1265 1142 excipiebantur
1293 1067 1407 1125 etiamsi

339 1193 453 1232 summa
472 1173 582 1232 scelera
603 1174 816 1233 commiserant.
859 1171 919 1232 Sed
940 1180 973 1231 ut
993 1174 1130 1252 exempla
1149 1174 1318 1248 afferamus,
1340 1177 1405 1254 quis

339 1291 383 1342 cst
397 1284 470 1362 quin
484 1283 565 1356 sciat,
582 1283 837 1362 Theoclymenum
851 1305 871 1342 a
880 1283 1059 1342 Telemacho
1070 1283 1146 1344 bene
1161 1292 1318 1363 exceptum
1333 1305 1404 1358 csse,

340 1394 473 1471 quamvis
489 1394 584 1451 virum
596 1402 737 1453 necasset.
769 1392 815 1452 Of.
831 1412 847 1452 ο
864 1394 926 1452 280
940 1412 994 1472 sqq

493 1501 528 1564 οὐ
544 1499 597 1586 μὲν
614 1493 652 1570 δή
669 1500 692 1563 σ’
713 1499 858 1563 ἐθέλοντα
874 1499 900 1586 γ’
921 1499 1034 1560 ἀπώσω
1051 1497 1119 1573 νηὸς
1134 1502 1221 1576 ἐίσης,

493 1610 559 1672 ἀλλ’
579 1609 658 1673 ἕπεοΙ
675 1610 772 1695 αὐτὰρ
788 1609 864 1672 κεῖθι
879 1608 1027 1694 φιλήσεαι,
1043 1604 1129 1671 οἴακ’
1151 1614 1276 1696 ἔχωμεν.

405 1723 554 1801 Deinceps
568 1724 633 1802 quis
650 1730 694 1782 est
709 1723 756 1780 cui
771 1742 830 1780 non
846 1723 876 1778 in
892 1730 1021 1780 mentem
1036 1723 1137 1781 veniat
1151 1725 1339 1784 suavissimus
1354 1725 1405 1784 illc

341 1831 493 1911 Odysseae
502 1832 592 1906 locus,
608 1832 659 1891 nbi
672 1833 777 1892 Ulixes
789 1832 968 1890 Nausicaarn
983 1831 1118 1909 precibus
1133 1832 1196 1890 adit
1211 1840 1240 1892 et
1254 1836 1338 1910 virgo
1353 1835 1405 1892 illa

339 1943 474 2020 quamvis
489 1941 622 2000 omnibus
637 1942 696 2000 suis
711 1941 826 2000 ancillis
846 1941 1028 2017 fugientibus
1051 1941 1126 2000 bene
1144 1943 1332 2020 peregrinum
1355 1962 1404 2002 ex·

341 2052 413 2130 cipit
427 2050 464 2110 cf.
481 2039 498 2123 ζ
515 2053 574 2109 127
591 2071 653 2130 sqq.
683 2052 815 2110 Maxime
830 2060 930 2110 antem
945 2051 1111 2110 Nausicaae
1122 2049 1213 2109 verba
1223 2050 1407 2129 respicienda

341 2170 416 2232 sunt,
433 2180 508 2241 quae
524 2161 639 2220 ancillis
653 2149 671 2233 ζ
687 2163 747 2220 206
763 2181 797 2239 sq
816 2160 888 2220 dicit

493 2267 558 2330 ἀλλ’
578 2260 630 2331 ὅδε
644 2292 690 2341 τις
705 2261 851 2341 δύστηνος
866 2268 1023 2352 ἀλώμενος
1038 2261 1135 2330 ἐνθάδ’
1156 2269 1259 2343 ἱκάνει,

493 2375 547 2440 τὸν
563 2383 613 2440 νῦν
629 2377 684 2464 χρὴ
700 2377 828 2463 κομέειν·
844 2375 915 2463 πρὸς
929 2379 987 2467 γὰρ
1005 2375 1075 2450 Διός
1085 2381 1156 2439 εἰσιν
1172 2374 1305 2450 ἅπαντες

493 2479 584 2562 ξεῖνοί
599 2510 634 2550 τε
648 2490 768 2574 πτωχοί
782 2511 827 2567 τε,
843 2478 923 2561 δόσις
939 2480 964 2549 δ’
981 2487 1068 2574 ὀλίγη
1084 2509 1120 2549 τε
1136 2487 1206 2572 φίλη
1221 2509 1266 2551 τε.

406 2599 500 2658 Aliud
515 2600 670 2660 afferamus
685 2602 860 2680 exemplum.
900 2601 958 2659 Iris
973 2601 1051 2659 enim
1066 2621 1084 2659 a
1098 2599 1171 2660 Iove
1186 2601 1275 2683 missa
1290 2600 1410 2659 Priamo

343 2711 495 2788 promittit,
507 2710 569 2770 fore
581 2719 614 2770 ut
625 2710 758 2771 Achilles
771 2713 897 2791 supplici
908 2710 989 2770 hand
1001 2709 1090 2768 dubie
1102 2717 1212 2788 parcat.
1242 2709 1287 2769 cf.
1301 2705 1334 2768 Ω
1348 2711 1409 2768 158

495 2817 579 2880 ἀλλὰ
595 2818 665 2903 μάλ’
685 2808 833 2891 ἐνδυκέως
848 2818 954 2881 ἱκέτεω
970 2811 1170 2904 πεφιδήσεται
1187 2809 1300 2901 ἀνδρός.

407 2930 542 2990 Fortasse
567 2931 615 2990 hic
642 2951 866 2991 commemorare
891 2931 975 3003 licet,
1002 2931 1121 2990 Ulixem
1146 2948 1262 3008 quoque
1288 2929 1411 2988 Phemio

344 3041 470 3118 supplici
484 3041 649 3119 pepercisse
664 3042 702 3103 cf.
717 3061 739 3126 χ
752 3043 814 3100 330
829 3061 890 3120 sqq.
928 3041 1034 3119 Neque
1054 3040 1222 3098 omittamus
1241 3038 1412 3117 Lycaonem

344 3151 409 3208 iura
434 3151 575 3229 supplicis
601 3149 638 3210 ab
663 3149 782 3210 Achille
808 3159 921 3229 petere,
948 3151 1057 3228 quippe
1083 3149 1134 3226 qui
1159 3148 1321 3225 aliquando
1348 3148 1412 3207 eius

345 3261 470 3338 hospitio
485 3280 555 3318 usus
570 3260 608 3318 sit
622 3258 660 3318 cf.
677 3255 710 3318 Φ
728 3262 766 3319 75
782 3280 817 3338 sq

497 3367 566 3427 ἀντί
582 3366 630 3428 τοί
645 3367 699 3452 εἰμ’
720 3365 834 3445 ἱκέταο,
849 3358 1010 3453 διοτρεφές,
1027 3357 1161 3428 αἰδοίοιο.

497 3475 556 3561 πὰρ
568 3472 628 3564 γὰρ
644 3475 691 3538 σοὶ
705 3477 817 3560 πρώτῳ
831 3476 975 3560 πασάμην
987 3478 1055 3537 κτλ.

409 3589 456 3647 De
471 3587 585 3666 Chryse
600 3597 713 3663 autem,
734 3590 785 3668 qui
804 3588 843 3647 ad
863 3587 1119 3665 Agamemnonem
1140 3586 1266 3666 supplex
1280 3593 1413 3660 venerat,

345 3697 424 3756 infra
438 3696 556 3757 dicendi
569 3698 652 3758 locus
667 3700 731 3773 erit,
752 3718 820 3757 cum
841 3699 878 3758 de
892 3697 1078 3758 sacerdotum
1093 3697 1266 3757 condicione
1280 3714 1411 3772 agamus.

345 3805 481 3887 Apparet
501 3809 593 3884 igitur
613 3809 777 3888 supplicem
798 3810 862 3867 iure
885 3827 937 3867 suo
960 3806 1095 3868 defendi:
1125 3806 1205 3886 quod
1227 3804 1346 3884 quidem
1367 3807 1413 3865 ius

346 3917 487 3996 supplicis
506 3918 634 3977 maxime
658 3917 736 3977 bello
762 3919 892 3978 comitur
915 3916 1041 3996 ideoque
1059 3916 1118 3975 alio
1140 3917 1205 3975 loco
1225 3915 1413 3974 tractandum

346 4026 409 4086 erit.
450 4027 597 4087 Necnon
618 4026 746 4087 mendici
769 4028 832 4086 iure
852 4028 986 4104 gentium
1005 4025 1173 4088 utebantur.
1214 4023 1275 4099 Qui
1295 4023 1413 4104 quidem
