3176 4898
754 311 946 406 Α,

307 499 552 578 Laastrygoniam
580 501 709 558 venisset
724 499 759 558 iis
780 519 854 578 quos
879 499 1062 579 speculatum
1088 500 1177 573 misit,
1204 519 1381 578 praeconem

308 608 459 668 adiunxit:
483 609 519 668 uf.
536 630 554 668 κ
572 612 631 668 102
1220 591 1225 600 ’

459 707 549 803 ἄνδρε
566 708 629 779 δύω
645 715 755 803 κρίνας,
770 713 915 802 τρίτατον
930 713 1031 800 κήρυχ’
1051 714 1095 801 ἅμ
1121 715 1267 789 ὀπάσσας.

374 827 488 902 Quibus
508 849 574 888 cum
594 828 692 888 verbis
713 848 832 908 prorsus
851 835 1026 905 congruunt,
1050 846 1127 907 quae
1141 849 1152 886 ι
1167 829 1208 887 90
1226 828 1380 904 leguntur:

309 937 362 997 sed
384 938 432 996 hic
454 957 556 997 versus
582 938 761 998 omittendus
782 946 834 1011 est,
861 939 972 1017 quippe
992 938 1043 1016 qui
1064 939 1140 996 etin
1166 937 1284 1015 optimis
1296 935 1382 995 libris

309 1047 516 1126 manuscriptis
535 1049 687 1106 omittatur
707 1056 737 1106 et
761 1047 895 1107 versibus
918 1048 1043 1106 94-95
1066 1047 1156 1125 plane
1177 1053 1323 1124 repugnet
1342 1046 1381 1105 cf.

306 1156 418 1229 Annis,
436 1155 569 1233 Anhang
583 1178 621 1215 zu
635 1157 763 1216 Homers
778 1156 912 1237 Odyssea
929 1159 946 1214 2
962 1176 991 1234 p.
1005 1157 1053 1215 29.
1075 1155 1209 1214 Karana
1223 1158 1255 1215 in
1269 1156 1380 1215 Fansn

309 1266 439 1326 editione
452 1264 605 1346 Odysseae
620 1265 692 1326 adl.
708 1267 727 1326 1.
764 1266 853 1326 Adde
866 1266 946 1347 quod
960 1266 1065 1326 Ulixes
1080 1286 1147 1325 cum
1160 1265 1246 1325 Aeoli
1262 1265 1381 1324 domum

237 1359 240 1367 ¹
306 1378 413 1436 iterum
434 1351 653 1454 aggrederetur,
675 1378 785 1435 socium
807 1383 837 1435 et
857 1395 1033 1454 praeconem
1053 1396 1152 1435 secum
1172 1376 1273 1434 duxit:
1301 1393 1379 1453 quae

308 1506 354 1546 res
371 1487 577 1566 comprobatur
591 1507 610 1546 κ
625 1489 665 1546 59
682 1506 716 1565 sq

460 1586 497 1664 bi
513 1593 580 1656 τότ’
601 1589 662 1680 ἐγώ
679 1592 796 1677 κήρυκά
810 1592 837 1653 τ’
858 1591 1067 1677 ὀπασσάμενος
1082 1592 1135 1655 καὶ
1151 1594 1272 1677 ἑταῖρον

459 1703 514 1784 βῆν
530 1707 570 1778 εἰς
586 1701 699 1766 Αἰόλου
715 1697 814 1763 κλυτὰ
830 1693 971 1786 δώματα.

371 1815 437 1875 Νοο
463 1817 644 1888 omittamus,
673 1815 851 1874 Mercurium
876 1815 996 1874 iussisse
1014 1815 1166 1874 Priamum
1188 1813 1283 1872 filium
1303 1812 1381 1872 solu-

309 1933 371 1983 tum
393 1934 512 1985 euntem
532 1945 708 2005 praeconem
722 1925 819 2004 aequi:
848 1923 923 1983 dicit
944 1926 1024 1983 enim
1038 1924 1203 1984 Mercurius
1218 1918 1253 1982 Ω
1270 1925 1331 1982 178
1347 1943 1383 2001 sq

460 2029 555 2119 κῆρύξ
569 2032 615 2107 τίς
629 2055 678 2095 τοι
693 2030 798 2095 ἕποιτο
813 2029 991 2120 γεραίτερος,
1006 2031 1038 2106 ὅς
1053 2030 1078 2094 κ’
1099 2027 1192 2094 ἰθύνοι

459 2141 600 2229 ἡμιόνους
616 2143 667 2205 καὶ
684 2134 806 2230 ἄμαξαν
822 2145 891 2205 κτλ.

381 2253 497 2329 Quibus
526 2257 558 2314 in
587 2255 685 2315 verbis
712 2253 884 2340 γεραίτερος
912 2274 971 2314 vox
1004 2253 1190 2333 respicienda
1218 2272 1282 2312 esse
1311 2252 1385 2311 mibi

309 2363 437 2425 videtur.
482 2364 543 2424 Our
558 2385 667 2444 praeco
681 2365 732 2424 illa
748 2373 846 2424 aetate
860 2373 1016 2444 provectus
1038 2383 1100 2424 esse
1120 2361 1268 2424 debebat?
1290 2360 1384 2420 Haud

311 2473 401 2532 dubie
412 2473 547 2532 Achilles
562 2495 675 2532 summa
690 2475 735 2532 ira
746 2483 850 2553 captus
860 2495 920 2534 non
935 2474 1029 2532 solum
1044 2475 1107 2553 ipso
1117 2492 1263 2552 praecone
1278 2491 1382 2531 verum

309 2583 398 2642 etiam
419 2591 516 2642 aetate
542 2584 693 2663 utriusque
713 2585 847 2644 advenae
873 2582 1103 2643 commovendus
1125 2591 1196 2657 erat,
1215 2591 1250 2642 ut
1263 2583 1301 2641 iis
1314 2602 1382 2660 par·

312 2703 399 2753 ceret.
446 2693 506 2780 Sed
527 2693 660 2753 omnibus
680 2714 717 2754 ex
737 2694 819 2768 locis,
838 2714 912 2774 quos
932 2694 1028 2767 attuli,
1047 2701 1179 2772 apparet,
1201 2711 1381 2771 praeconum

308 2822 416 2861 munus
430 2810 581 2883 tamquam
596 2814 814 2865 sacrosanctum
828 2803 962 2863 habitum
976 2823 1048 2863 esse.
1079 2803 1185 2882 Neque
1200 2804 1280 2862 enim
1295 2801 1382 2861 aliter

309 2911 453 2990 explicari
469 2921 572 2992 potest,
589 2934 735 2993 quaenam
751 2935 840 2974 causa
854 2915 953 2989 suerit,
969 2933 1021 2972 cur
1038 2914 1146 2991 legatis
1163 2913 1260 2972 missis
1274 2930 1381 2991 praeco

309 3021 485 3084 adiceretur.
539 3023 735 3085 Manifestum
768 3033 868 3084 autem
893 3032 950 3097 est,
981 3043 1141 3103 praecones
1166 3022 1232 3082 illos
1263 3041 1382 3101 prorsus

307 3139 417 3191 temere
432 3132 550 3192 additos
578 3153 649 3209 esse,
670 3136 728 3194 nisi
753 3136 847 3212 legati
866 3135 938 3213 ipsis
962 3135 1022 3193 iliis
1046 3132 1242 3213 praeconibus
1266 3133 1381 3192 defensi

305 3249 410 3299 essent.
465 3241 558 3302 Vides
584 3245 675 3320 igitur
700 3245 934 3304 luculentissima
959 3244 1033 3302 baec
1058 3262 1122 3302 esse
1148 3243 1219 3302 iuris
1244 3243 1381 3320 gentium

308 3350 443 3427 vestigia
499 3349 542 3410 At
572 3354 631 3411 alia
662 3355 752 3412 etiam
777 3354 896 3412 maioris
924 3353 1065 3411 momenti
1091 3353 1229 3432 exempla
1253 3359 1380 3411 exstant.

309 3461 475 3520 Praecones
496 3463 575 3520 eninr
596 3483 727 3542 pugnam
751 3464 943 3541 interrupisse
963 3460 1133 3522 traduntur:
1150 3463 1188 3522 cf.
1203 3456 1234 3521 H
1251 3463 1290 3520 27
1293 3463 1311 3520 3
1327 3480 1381 3540 sqq

459 3567 511 3631 καί
527 3570 560 3632 νύ
577 3592 612 3633 κε
627 3562 664 3641 δὴ
681 3563 805 3658 ξιρέεοιί
825 3561 1011 3656 αὐτοσχεδὸν
1027 3561 1207 3647 οὐτάζοντο,

460 3683 486 3742 εἰ
501 3681 542 3765 μή
558 3681 694 3767 κήρυκες,
710 3677 780 3754 Διὸς
795 3679 923 3767 ἄγγελοι
937 3671 994 3748 ἠδὲ
1009 3679 1062 3742 καὶ
1078 3671 1206 3763 ἀνδρῶν,

456 3783 558 3867 ἦλθον,
574 3790 590 3852 ὁ
606 3789 661 3876 μὲν
677 3789 792 3877 Τρώων
809 3789 825 3852 ὁ
841 3781 866 3851 δ’
883 3787 1019 3874 Ἀχαιῶν
1035 3787 1282 3873 χαλκοχιτώνων,

459 4005 562 4092 μέσσῳ
577 4001 602 4069 δ’
624 4008 804 4095 ἀμφοτέρων
821 4017 964 4092 σκῆπτρα
979 4004 1083 4092 σχέθον
1099 4010 1169 4071 κτλ.
