<?xml version="1.0" encoding="UTF-8"?>
<!DOCTYPE html PUBLIC "-//W3C//DTD XHTML 1.0 Transitional//EN"
    "http://www.w3.org/TR/xhtml1/DTD/xhtml1-transitional.dtd">
<html xmlns="http://www.w3.org/1999/xhtml" xml:lang="en" lang="en">
 <head>
  <title>
</title>
<meta http-equiv="Content-Type" content="text/html;charset=utf-8" />
  <meta name='ocr-system' content='tesseract 3.04.00' />
  <meta name='ocr-capabilities' content='ocr_page ocr_carea ocr_par ocr_line ocrx_word'/>
</head>
<body>
  <div class='ocr_page' id='page_1' title='image "./devestigiisiuri00sorggoog_0034.png"; bbox 0 0 3176 4898; ppageno 0'>
   <div class='ocr_carea' id='block_1_1' title="bbox 200 489 1269 690">
    <p class='ocr_par' dir='ltr' id='par_1_1' title="bbox 200 489 1269 690">
     <span class='ocr_line' id='line_1_1' title="bbox 201 489 1269 581; baseline 0.001 -23"><span class='ocrx_word' id='word_1_1' title='bbox 201 501 332 577; x_wconf 85' lang='lat' dir='ltr'>kriege.“</span> <span class='ocrx_word' id='word_1_2' title='bbox 377 500 465 562; x_wconf 88' lang='lat' dir='ltr'>Adde</span> <span class='ocrx_word' id='word_1_3' title='bbox 495 501 574 581; x_wconf 91' lang='lat' dir='ltr'>quod</span> <span class='ocrx_word' id='word_1_4' title='bbox 599 502 707 562; x_wconf 88' lang='lat' dir='ltr'>Nestor</span> <span class='ocrx_word' id='word_1_5' title='bbox 729 502 871 578; x_wconf 86' lang='lat' dir='ltr'>gloriatus</span> <span class='ocrx_word' id='word_1_6' title='bbox 892 509 944 574; x_wconf 87' lang='lat' dir='ltr'>est,</span> <span class='ocrx_word' id='word_1_7' title='bbox 968 501 1047 580; x_wconf 89' lang='lat' dir='ltr'>quod</span> <span class='ocrx_word' id='word_1_8' title='bbox 1068 503 1131 580; x_wconf 91' lang='lat' dir='ltr'>ipse</span> <span class='ocrx_word' id='word_1_9' title='bbox 1153 489 1269 560; x_wconf 75' lang='lat' dir='ltr'>iu&#39;venis</span> 
     </span>
     <span class='ocr_line' id='line_1_2' title="bbox 200 606 1152 690; baseline 0.001 -22"><span class='ocrx_word' id='word_1_10' title='bbox 200 630 340 686; x_wconf 85' lang='lat' dir='ltr'>magnum</span> <span class='ocrx_word' id='word_1_11' title='bbox 355 610 495 688; x_wconf 84' lang='lat' dir='ltr'>praedam</span> <span class='ocrx_word' id='word_1_12' title='bbox 510 610 635 672; x_wconf 78' lang='lat' dir='ltr'><strong>fecisset.</strong></span> <span class='ocrx_word' id='word_1_13' title='bbox 680 611 762 669; x_wconf 90' lang='lat' dir='ltr'>Dicit</span> <span class='ocrx_word' id='word_1_14' title='bbox 776 613 854 670; x_wconf 90' lang='lat' dir='ltr'>enim</span> <span class='ocrx_word' id='word_1_15' title='bbox 870 606 902 670; x_wconf 89' lang='grc' dir='ltr'>Λ</span> <span class='ocrx_word' id='word_1_16' title='bbox 919 611 959 670; x_wconf 76' lang='lat'>67</span> <span class='ocrx_word' id='word_1_17' title='bbox 963 613 980 669; x_wconf 83' lang='lat'><strong>7</strong></span> <span class='ocrx_word' id='word_1_18' title='bbox 996 631 1049 690; x_wconf 86' lang='lat' dir='ltr'>sqq</span> <span class='ocrx_word' id='word_1_19' title='bbox 1064 612 1152 670; x_wconf 86' lang='lat' dir='ltr'>haec:</span> 
     </span>
    </p>
   </div>
   <div class='ocr_carea' id='block_1_2' title="bbox 350 743 1146 838">
    <p class='ocr_par' dir='ltr' id='par_1_2' title="bbox 350 743 1146 838">
     <span class='ocr_line' id='line_1_3' title="bbox 350 743 1146 838; baseline -0.003 -24"><span class='ocrx_word' id='word_1_20' title='bbox 350 745 443 823; x_wconf 79' lang='grc' dir='ltr'>ληίδα</span> <span class='ocrx_word' id='word_1_21' title='bbox 458 743 484 812; x_wconf 79' lang='grc' dir='ltr'>δ’</span> <span class='ocrx_word' id='word_1_22' title='bbox 504 753 539 814; x_wconf 81' lang='grc' dir='ltr'>ἐκ</span> <span class='ocrx_word' id='word_1_23' title='bbox 554 744 658 814; x_wconf 82' lang='grc' dir='ltr'>πεδίου</span> <span class='ocrx_word' id='word_1_24' title='bbox 675 750 900 838; x_wconf 83' lang='grc' dir='ltr'>συνελάσσαμεν</span> <span class='ocrx_word' id='word_1_25' title='bbox 915 751 1004 822; x_wconf 76' lang='grc' dir='ltr'>ἤλιθα</span> <span class='ocrx_word' id='word_1_26' title='bbox 1019 752 1146 830; x_wconf 71' lang='grc' dir='ltr'>πολλήν,</span> 
     </span>
    </p>
   </div>
   <div class='ocr_carea' id='block_1_3' title="bbox 350 861 1165 1273">
    <p class='ocr_par' dir='ltr' id='par_1_3' title="bbox 350 861 1165 1160">
     <span class='ocr_line' id='line_1_4' title="bbox 351 861 1071 948; baseline 0 -25"><span class='ocrx_word' id='word_1_27' title='bbox 351 861 546 932; x_wconf 80' lang='grc' dir='ltr'>πεντήκοντα</span> <span class='ocrx_word' id='word_1_28' title='bbox 560 862 640 942; x_wconf 82' lang='grc' dir='ltr'>βοῶν</span> <span class='ocrx_word' id='word_1_29' title='bbox 656 862 779 948; x_wconf 75' lang='grc' dir='ltr'>ἀγέλας,</span> <span class='ocrx_word' id='word_1_30' title='bbox 794 861 874 925; x_wconf 85' lang='grc' dir='ltr'>τόσα</span> <span class='ocrx_word' id='word_1_31' title='bbox 887 862 974 924; x_wconf 82' lang='grc' dir='ltr'>πώεα</span> <span class='ocrx_word' id='word_1_32' title='bbox 990 867 1071 939; x_wconf 82' lang='grc' dir='ltr'>οἰῶν,</span> 
     </span>
     <span class='ocr_line' id='line_1_5' title="bbox 350 970 1165 1059; baseline 0 -27"><span class='ocrx_word' id='word_1_33' title='bbox 350 970 450 1034; x_wconf 83' lang='grc' dir='ltr'>τόσσα</span> <span class='ocrx_word' id='word_1_34' title='bbox 465 976 544 1032; x_wconf 82' lang='grc' dir='ltr'>συῶν</span> <span class='ocrx_word' id='word_1_35' title='bbox 561 970 696 1051; x_wconf 80' lang='grc' dir='ltr'>συβόσια,</span> <span class='ocrx_word' id='word_1_36' title='bbox 710 973 773 1034; x_wconf 78' lang='grc' dir='ltr'>τόσ’</span> <span class='ocrx_word' id='word_1_37' title='bbox 792 971 918 1037; x_wconf 84' lang='grc' dir='ltr'>αἰπόλια</span> <span class='ocrx_word' id='word_1_38' title='bbox 932 972 1040 1034; x_wconf 67' lang='grc' dir='ltr'>πλατύ</span> <span class='ocrx_word' id='word_1_39' title='bbox 1060 976 1165 1059; x_wconf 76' lang='grc' dir='ltr'>αἰγῶν,</span> 
     </span>
     <span class='ocr_line' id='line_1_6' title="bbox 350 1073 1045 1160; baseline 0.003 -18"><span class='ocrx_word' id='word_1_40' title='bbox 350 1082 457 1153; x_wconf 87' lang='grc' dir='ltr'>ἵππους</span> <span class='ocrx_word' id='word_1_41' title='bbox 472 1073 506 1143; x_wconf 82' lang='grc' dir='ltr'>δὲ</span> <span class='ocrx_word' id='word_1_42' title='bbox 523 1077 632 1160; x_wconf 77' lang='grc' dir='ltr'>ξανθὰς</span> <span class='ocrx_word' id='word_1_43' title='bbox 646 1079 758 1144; x_wconf 87' lang='grc' dir='ltr'>ἕκατον</span> <span class='ocrx_word' id='word_1_44' title='bbox 774 1082 826 1144; x_wconf 88' lang='grc' dir='ltr'>καὶ</span> <span class='ocrx_word' id='word_1_45' title='bbox 840 1082 1045 1159; x_wconf 70' lang='grc' dir='ltr'>πεντήκοντα,</span> 
     </span>
    </p>

    <p class='ocr_par' dir='ltr' id='par_1_4' title="bbox 351 1185 1046 1273">
     <span class='ocr_line' id='line_1_7' title="bbox 351 1185 1046 1273; baseline 0 -21"><span class='ocrx_word' id='word_1_46' title='bbox 351 1190 450 1263; x_wconf 85' lang='grc' dir='ltr'>πάσας</span> <span class='ocrx_word' id='word_1_47' title='bbox 464 1189 592 1268; x_wconf 79' lang='grc' dir='ltr'>θηλείας,</span> <span class='ocrx_word' id='word_1_48' title='bbox 607 1194 740 1273; x_wconf 77' lang='grc' dir='ltr'>πολλῇσι</span> <span class='ocrx_word' id='word_1_49' title='bbox 755 1185 790 1253; x_wconf 80' lang='grc' dir='ltr'>δὲ</span> <span class='ocrx_word' id='word_1_50' title='bbox 804 1195 903 1254; x_wconf 81' lang='grc' dir='ltr'>πῶλοι</span> <span class='ocrx_word' id='word_1_51' title='bbox 917 1191 1046 1260; x_wconf 78' lang='grc' dir='ltr'>ύπῆσαν.</span> 
     </span>
    </p>
   </div>
   <div class='ocr_carea' id='block_1_4' title="bbox 199 1336 1271 1855">
    <p class='ocr_par' dir='ltr' id='par_1_5' title="bbox 199 1336 1271 1855">
     <span class='ocr_line' id='line_1_8' title="bbox 265 1336 1271 1417; baseline 0 -22"><span class='ocrx_word' id='word_1_52' title='bbox 265 1337 308 1395; x_wconf 82' lang='lat' dir='ltr'>Et</span> <span class='ocrx_word' id='word_1_53' title='bbox 321 1337 423 1416; x_wconf 87' lang='lat' dir='ltr'>paullo</span> <span class='ocrx_word' id='word_1_54' title='bbox 438 1338 516 1396; x_wconf 83' lang='lat' dir='ltr'>infra</span> <span class='ocrx_word' id='word_1_55' title='bbox 538 1336 630 1410; x_wconf 81' lang='lat' dir='ltr'>addit,</span> <span class='ocrx_word' id='word_1_56' title='bbox 652 1346 834 1417; x_wconf 84' lang='lat' dir='ltr'>quantopere</span> <span class='ocrx_word' id='word_1_57' title='bbox 848 1338 960 1398; x_wconf 84' lang='lat' dir='ltr'>Neleus</span> <span class='ocrx_word' id='word_1_58' title='bbox 981 1339 1101 1414; x_wconf 85' lang='lat' dir='ltr'>gavisus</span> <span class='ocrx_word' id='word_1_59' title='bbox 1124 1338 1170 1410; x_wconf 85' lang='lat' dir='ltr'>sit,</span> <span class='ocrx_word' id='word_1_60' title='bbox 1192 1336 1271 1415; x_wconf 91' lang='lat' dir='ltr'>quod</span> 
     </span>
     <span class='ocr_line' id='line_1_9' title="bbox 201 1445 1271 1526; baseline -0.002 -20"><span class='ocrx_word' id='word_1_61' title='bbox 201 1448 321 1506; x_wconf 88' lang='lat' dir='ltr'>Nestori</span> <span class='ocrx_word' id='word_1_62' title='bbox 338 1447 439 1506; x_wconf 90' lang='lat' dir='ltr'>inveni</span> <span class='ocrx_word' id='word_1_63' title='bbox 462 1448 522 1505; x_wconf 90' lang='lat' dir='ltr'>iam</span> <span class='ocrx_word' id='word_1_64' title='bbox 543 1466 590 1505; x_wconf 89' lang='lat' dir='ltr'>res</span> <span class='ocrx_word' id='word_1_65' title='bbox 605 1445 679 1505; x_wconf 89' lang='lat' dir='ltr'>bene</span> <span class='ocrx_word' id='word_1_66' title='bbox 702 1447 851 1522; x_wconf 88' lang='lat' dir='ltr'>caderent,</span> <span class='ocrx_word' id='word_1_67' title='bbox 870 1448 907 1507; x_wconf 84' lang='lat' dir='ltr'>cf.</span> <span class='ocrx_word' id='word_1_68' title='bbox 924 1445 957 1508; x_wconf 82' lang='lat' dir='ltr'><strong>A</strong></span> <span class='ocrx_word' id='word_1_69' title='bbox 975 1450 1035 1508; x_wconf 88' lang='grc'>683</span> <span class='ocrx_word' id='word_1_70' title='bbox 1059 1467 1120 1526; x_wconf 87' lang='lat' dir='ltr'>sqq.</span> <span class='ocrx_word' id='word_1_71' title='bbox 1165 1447 1271 1507; x_wconf 84' lang='lat' dir='ltr'>Ulixes</span> 
     </span>
     <span class='ocr_line' id='line_1_10' title="bbox 200 1555 1269 1636; baseline -0.002 -20"><span class='ocrx_word' id='word_1_72' title='bbox 200 1565 300 1616; x_wconf 84' lang='lat' dir='ltr'>autem</span> <span class='ocrx_word' id='word_1_73' title='bbox 326 1576 394 1614; x_wconf 90' lang='lat' dir='ltr'>cum</span> <span class='ocrx_word' id='word_1_74' title='bbox 420 1555 539 1614; x_wconf 87' lang='lat' dir='ltr'>umbras</span> <span class='ocrx_word' id='word_1_75' title='bbox 565 1556 771 1634; x_wconf 83' lang='lat' dir='ltr'>interrogaret,</span> <span class='ocrx_word' id='word_1_76' title='bbox 800 1579 836 1616; x_wconf 86' lang='lat' dir='ltr'>ex</span> <span class='ocrx_word' id='word_1_77' title='bbox 862 1557 1087 1634; x_wconf 84' lang='lat' dir='ltr'>Agamemnone</span> <span class='ocrx_word' id='word_1_78' title='bbox 1112 1557 1269 1636; x_wconf 86' lang='lat' dir='ltr'>quaesivit,</span> 
     </span>
     <span class='ocr_line' id='line_1_11' title="bbox 199 1666 1270 1745; baseline 0.001 -21"><span class='ocrx_word' id='word_1_79' title='bbox 199 1674 298 1724; x_wconf 88' lang='lat' dir='ltr'>utrum</span> <span class='ocrx_word' id='word_1_80' title='bbox 324 1684 431 1745; x_wconf 85' lang='lat' dir='ltr'>pecora</span> <span class='ocrx_word' id='word_1_81' title='bbox 455 1667 574 1744; x_wconf 89' lang='lat' dir='ltr'>rapiens</span> <span class='ocrx_word' id='word_1_82' title='bbox 603 1685 642 1724; x_wconf 91' lang='lat' dir='ltr'>an</span> <span class='ocrx_word' id='word_1_83' title='bbox 668 1666 770 1726; x_wconf 89' lang='lat' dir='ltr'>urbem</span> <span class='ocrx_word' id='word_1_84' title='bbox 799 1666 961 1726; x_wconf 84' lang='lat' dir='ltr'>defendens</span> <span class='ocrx_word' id='word_1_85' title='bbox 984 1667 1157 1726; x_wconf 85' lang='lat' dir='ltr'>interfectus</span> <span class='ocrx_word' id='word_1_86' title='bbox 1185 1673 1270 1725; x_wconf 86' lang='lat' dir='ltr'>esset.</span> 
     </span>
     <span class='ocr_line' id='line_1_12' title="bbox 200 1775 839 1855; baseline 0.003 -22"><span class='ocrx_word' id='word_1_87' title='bbox 200 1775 356 1851; x_wconf 86' lang='lat' dir='ltr'>Leguntur</span> <span class='ocrx_word' id='word_1_88' title='bbox 371 1776 449 1835; x_wconf 91' lang='lat' dir='ltr'>enim</span> <span class='ocrx_word' id='word_1_89' title='bbox 462 1775 484 1833; x_wconf 90' lang='grc' dir='ltr'>λ</span> <span class='ocrx_word' id='word_1_90' title='bbox 499 1777 558 1834; x_wconf 83' lang='grc'>401</span> <span class='ocrx_word' id='word_1_91' title='bbox 577 1796 632 1855; x_wconf 92' lang='lat' dir='ltr'>sqq</span> <span class='ocrx_word' id='word_1_92' title='bbox 646 1777 720 1835; x_wconf 87' lang='lat' dir='ltr'>haec</span> <span class='ocrx_word' id='word_1_93' title='bbox 734 1776 839 1836; x_wconf 87' lang='lat' dir='ltr'>verba:</span> 
     </span>
    </p>
   </div>
   <div class='ocr_carea' id='block_1_5' title="bbox 351 1908 1098 2225">
    <p class='ocr_par' dir='ltr' id='par_1_6' title="bbox 351 1908 1098 2225">
     <span class='ocr_line' id='line_1_13' title="bbox 351 1908 1086 2002; baseline 0.001 -25"><span class='ocrx_word' id='word_1_94' title='bbox 351 1909 387 1986; x_wconf 77' lang='grc' dir='ltr'>ἦέ</span> <span class='ocrx_word' id='word_1_95' title='bbox 403 1917 427 1978; x_wconf 86' lang='lat' dir='ltr'>o’</span> <span class='ocrx_word' id='word_1_96' title='bbox 445 1915 580 2000; x_wconf 84' lang='grc' dir='ltr'>ἀνάρσιοι</span> <span class='ocrx_word' id='word_1_97' title='bbox 595 1908 698 2001; x_wconf 74' lang='grc' dir='ltr'>ἄνδρες</span> <span class='ocrx_word' id='word_1_98' title='bbox 714 1910 894 1988; x_wconf 73' lang='grc' dir='ltr'>ἐδηλήσαντ’</span> <span class='ocrx_word' id='word_1_99' title='bbox 914 1917 965 1980; x_wconf 80' lang='grc' dir='ltr'>ἐπὶ</span> <span class='ocrx_word' id='word_1_100' title='bbox 979 1917 1086 2002; x_wconf 86' lang='grc' dir='ltr'>χέρσου</span> 
     </span>
     <span class='ocr_line' id='line_1_14' title="bbox 352 2018 1052 2110; baseline 0.003 -23"><span class='ocrx_word' id='word_1_101' title='bbox 352 2027 421 2107; x_wconf 80' lang='grc' dir='ltr'>βοῦς</span> <span class='ocrx_word' id='word_1_102' title='bbox 435 2025 691 2110; x_wconf 83' lang='grc' dir='ltr'>περιταμνόμενον</span> <span class='ocrx_word' id='word_1_103' title='bbox 706 2018 753 2095; x_wconf 73' lang='grc' dir='ltr'>ἠδ’</span> <span class='ocrx_word' id='word_1_104' title='bbox 774 2031 845 2089; x_wconf 78' lang='grc' dir='ltr'>οἰῶν</span> <span class='ocrx_word' id='word_1_105' title='bbox 859 2027 947 2092; x_wconf 82' lang='grc' dir='ltr'>πώεα</span> <span class='ocrx_word' id='word_1_106' title='bbox 961 2026 1052 2103; x_wconf 85' lang='grc' dir='ltr'>καλά,</span> 
     </span>
     <span class='ocr_line' id='line_1_15' title="bbox 351 2130 1098 2225; baseline 0.003 -27"><span class='ocrx_word' id='word_1_107' title='bbox 351 2135 387 2206; x_wconf 79' lang='grc' dir='ltr'>ἠὲ</span> <span class='ocrx_word' id='word_1_108' title='bbox 401 2136 468 2220; x_wconf 88' lang='grc' dir='ltr'>περὶ</span> <span class='ocrx_word' id='word_1_109' title='bbox 482 2135 608 2209; x_wconf 93' lang='grc' dir='ltr'>πτόλιος</span> <span class='ocrx_word' id='word_1_110' title='bbox 624 2137 830 2222; x_wconf 84' lang='grc' dir='ltr'>μαχεούμενον</span> <span class='ocrx_word' id='word_1_111' title='bbox 845 2130 901 2208; x_wconf 79' lang='grc' dir='ltr'>ἠδὲ</span> <span class='ocrx_word' id='word_1_112' title='bbox 915 2142 1098 2225; x_wconf 80' lang='grc' dir='ltr'>γυιιαιιιῶν.1</span> 
     </span>
    </p>
   </div>
   <div class='ocr_carea' id='block_1_6' title="bbox 201 2281 1272 2587">
    <p class='ocr_par' dir='ltr' id='par_1_7' title="bbox 201 2281 1272 2587">
     <span class='ocr_line' id='line_1_16' title="bbox 265 2281 1272 2362; baseline -0.001 -22"><span class='ocrx_word' id='word_1_113' title='bbox 265 2283 407 2340; x_wconf 88' lang='lat' dir='ltr'>Necnon</span> <span class='ocrx_word' id='word_1_114' title='bbox 423 2300 503 2341; x_wconf 88' lang='lat' dir='ltr'>more</span> <span class='ocrx_word' id='word_1_115' title='bbox 522 2289 674 2360; x_wconf 89' lang='lat' dir='ltr'>receptum</span> <span class='ocrx_word' id='word_1_116' title='bbox 694 2289 766 2355; x_wconf 86' lang='lat' dir='ltr'>erat,</span> <span class='ocrx_word' id='word_1_117' title='bbox 787 2290 821 2340; x_wconf 92' lang='lat' dir='ltr'>ut</span> <span class='ocrx_word' id='word_1_118' title='bbox 841 2284 899 2342; x_wconf 91' lang='lat' dir='ltr'>illis</span> <span class='ocrx_word' id='word_1_119' title='bbox 918 2283 1098 2362; x_wconf 85' lang='lat' dir='ltr'>temporibus</span> <span class='ocrx_word' id='word_1_120' title='bbox 1116 2281 1272 2341; x_wconf 85' lang='lat' dir='ltr'>homericis</span> 
     </span>
     <span class='ocr_line' id='line_1_17' title="bbox 204 2389 1271 2472; baseline 0 -22"><span class='ocrx_word' id='word_1_121' title='bbox 204 2413 265 2451; x_wconf 91' lang='lat' dir='ltr'>non</span> <span class='ocrx_word' id='word_1_122' title='bbox 281 2393 376 2451; x_wconf 91' lang='lat' dir='ltr'>solum</span> <span class='ocrx_word' id='word_1_123' title='bbox 400 2389 486 2450; x_wconf 85' lang='lat' dir='ltr'>urbes</span> <span class='ocrx_word' id='word_1_124' title='bbox 505 2399 684 2470; x_wconf 88' lang='lat' dir='ltr'>peterentur,</span> <span class='ocrx_word' id='word_1_125' title='bbox 707 2411 809 2451; x_wconf 89' lang='lat' dir='ltr'>verum</span> <span class='ocrx_word' id='word_1_126' title='bbox 830 2393 918 2452; x_wconf 88' lang='lat' dir='ltr'>etiam</span> <span class='ocrx_word' id='word_1_127' title='bbox 940 2392 1073 2451; x_wconf 89' lang='lat' dir='ltr'>homines</span> <span class='ocrx_word' id='word_1_128' title='bbox 1088 2400 1271 2472; x_wconf 87' lang='lat' dir='ltr'>caperentur.</span> 
     </span>
     <span class='ocr_line' id='line_1_18' title="bbox 201 2500 1200 2587; baseline 0 -27"><span class='ocrx_word' id='word_1_129' title='bbox 201 2500 268 2576; x_wconf 77' lang='lat' dir='ltr'>Qua</span> <span class='ocrx_word' id='word_1_130' title='bbox 283 2501 321 2560; x_wconf 87' lang='lat' dir='ltr'>de</span> <span class='ocrx_word' id='word_1_131' title='bbox 334 2520 367 2560; x_wconf 90' lang='lat' dir='ltr'>re</span> <span class='ocrx_word' id='word_1_132' title='bbox 381 2500 472 2560; x_wconf 89' lang='lat' dir='ltr'>verba</span> <span class='ocrx_word' id='word_1_133' title='bbox 488 2501 668 2560; x_wconf 85' lang='lat' dir='ltr'>conferenda</span> <span class='ocrx_word' id='word_1_134' title='bbox 683 2511 761 2576; x_wconf 93' lang='lat' dir='ltr'>sunt,</span> <span class='ocrx_word' id='word_1_135' title='bbox 776 2523 852 2582; x_wconf 90' lang='lat' dir='ltr'>quae</span> <span class='ocrx_word' id='word_1_136' title='bbox 869 2523 883 2587; x_wconf 93' lang='grc' dir='ltr'>ρ</span> <span class='ocrx_word' id='word_1_137' title='bbox 901 2504 961 2561; x_wconf 77' lang='lat'>43‘2</span> <span class='ocrx_word' id='word_1_138' title='bbox 977 2523 1032 2582; x_wconf 92' lang='lat' dir='ltr'>sqq</span> <span class='ocrx_word' id='word_1_139' title='bbox 1046 2503 1200 2580; x_wconf 80' lang='lat' dir='ltr'>leguntur:</span> 
     </span>
    </p>
   </div>
   <div class='ocr_carea' id='block_1_7' title="bbox 198 2788 1271 3443">
    <p class='ocr_par' dir='ltr' id='par_1_8' title="bbox 198 2788 1271 3443">
     <span class='ocr_line' id='line_1_19' title="bbox 268 2788 1268 2839; baseline 0.001 -5"><span class='ocrx_word' id='word_1_140' title='bbox 268 2788 278 2818; x_wconf 90' lang='lat'><strong>¹</strong></span> <span class='ocrx_word' id='word_1_141' title='bbox 295 2789 324 2834; x_wconf 92' lang='lat' dir='ltr'>In</span> <span class='ocrx_word' id='word_1_142' title='bbox 336 2790 425 2836; x_wconf 89' lang='lat' dir='ltr'>ultimo</span> <span class='ocrx_word' id='word_1_143' title='bbox 437 2804 513 2837; x_wconf 88' lang='lat' dir='ltr'>versu</span> <span class='ocrx_word' id='word_1_144' title='bbox 529 2815 562 2824; x_wconf 93' lang='lat'>-</span> <span class='ocrx_word' id='word_1_145' title='bbox 577 2796 605 2838; x_wconf 87' lang='lat' dir='ltr'>ut</span> <span class='ocrx_word' id='word_1_146' title='bbox 617 2792 664 2838; x_wconf 88' lang='lat' dir='ltr'>hoc</span> <span class='ocrx_word' id='word_1_147' title='bbox 677 2791 768 2839; x_wconf 83' lang='lat' dir='ltr'>addam</span> <span class='ocrx_word' id='word_1_148' title='bbox 778 2816 811 2825; x_wconf 96' lang='lat'><em>-</em></span> <span class='ocrx_word' id='word_1_149' title='bbox 821 2791 868 2839; x_wconf 80' lang='lat' dir='ltr'>Fu.</span> <span class='ocrx_word' id='word_1_150' title='bbox 878 2791 945 2837; x_wconf 79' lang='lat' dir='ltr'>Auo.</span> <span class='ocrx_word' id='word_1_151' title='bbox 955 2791 1086 2838; x_wconf 80' lang='lat' dir='ltr'>Wonnms</span> <span class='ocrx_word' id='word_1_152' title='bbox 1096 2791 1268 2836; x_wconf 68' lang='lat' dir='ltr'>accusativum</span> 
     </span>
     <span class='ocr_line' id='line_1_20' title="bbox 199 2867 1271 2942; baseline 0.003 -24"><span class='ocrx_word' id='word_1_153' title='bbox 199 2873 335 2932; x_wconf 84' lang='lat' dir='ltr'>singularis</span> <span class='ocrx_word' id='word_1_154' title='bbox 347 2875 444 2920; x_wconf 90' lang='lat' dir='ltr'>numeri</span> <span class='ocrx_word' id='word_1_155' title='bbox 456 2867 622 2942; x_wconf 78' lang='grc' dir='ltr'>μαχεούμενον</span> <span class='ocrx_word' id='word_1_156' title='bbox 637 2877 664 2921; x_wconf 93' lang='lat' dir='ltr'>in</span> <span class='ocrx_word' id='word_1_157' title='bbox 677 2877 859 2923; x_wconf 82' lang='lat' dir='ltr'>nominativum</span> <span class='ocrx_word' id='word_1_158' title='bbox 872 2875 979 2936; x_wconf 81' lang='lat' dir='ltr'>pluralis</span> <span class='ocrx_word' id='word_1_159' title='bbox 991 2875 1088 2921; x_wconf 89' lang='lat' dir='ltr'>numeri</span> <span class='ocrx_word' id='word_1_160' title='bbox 1106 2869 1271 2941; x_wconf 78' lang='grc' dir='ltr'>μαχεούμενοι</span> 
     </span>
     <span class='ocr_line' id='line_1_21' title="bbox 201 2958 1268 3020; baseline 0.001 -17"><span class='ocrx_word' id='word_1_161' title='bbox 201 2958 315 3004; x_wconf 81' lang='lat' dir='ltr'>mutavit.</span> <span class='ocrx_word' id='word_1_162' title='bbox 352 2958 408 3017; x_wconf 77' lang='lat' dir='ltr'>Qua</span> <span class='ocrx_word' id='word_1_163' title='bbox 420 2959 520 3018; x_wconf 87' lang='lat' dir='ltr'>quidem</span> <span class='ocrx_word' id='word_1_164' title='bbox 532 2961 669 3007; x_wconf 89' lang='lat' dir='ltr'>mutatione</span> <span class='ocrx_word' id='word_1_165' title='bbox 688 2961 804 3020; x_wconf 86' lang='lat' dir='ltr'>quamvis</span> <span class='ocrx_word' id='word_1_166' title='bbox 817 2961 946 3008; x_wconf 81' lang='lat' dir='ltr'>lenissima</span> <span class='ocrx_word' id='word_1_167' title='bbox 958 2975 997 3006; x_wconf 91' lang='lat' dir='ltr'>me</span> <span class='ocrx_word' id='word_1_168' title='bbox 1009 2960 1092 3006; x_wconf 90' lang='lat' dir='ltr'>iudice</span> <span class='ocrx_word' id='word_1_169' title='bbox 1105 2961 1205 3006; x_wconf 91' lang='lat' dir='ltr'>omniuo</span> <span class='ocrx_word' id='word_1_170' title='bbox 1219 2973 1268 3005; x_wconf 92' lang='lat' dir='ltr'>non</span> 
     </span>
     <span class='ocr_line' id='line_1_22' title="bbox 200 3033 1269 3109; baseline 0.005 -22"><span class='ocrx_word' id='word_1_171' title='bbox 200 3057 261 3102; x_wconf 89' lang='lat' dir='ltr'>opus</span> <span class='ocrx_word' id='word_1_172' title='bbox 273 3047 318 3090; x_wconf 89' lang='lat' dir='ltr'>est.</span> <span class='ocrx_word' id='word_1_173' title='bbox 349 3044 415 3088; x_wconf 85' lang='lat' dir='ltr'>Nam</span> <span class='ocrx_word' id='word_1_174' title='bbox 427 3045 534 3104; x_wconf 90' lang='lat' dir='ltr'>primum</span> <span class='ocrx_word' id='word_1_175' title='bbox 547 3045 648 3104; x_wconf 88' lang='lat' dir='ltr'>quidem</span> <span class='ocrx_word' id='word_1_176' title='bbox 660 3045 680 3091; x_wconf 92' lang='lat' dir='ltr'>si</span> <span class='ocrx_word' id='word_1_177' title='bbox 693 3044 773 3092; x_wconf 90' lang='lat' dir='ltr'>libros</span> <span class='ocrx_word' id='word_1_178' title='bbox 790 3045 916 3104; x_wconf 87' lang='lat' dir='ltr'>sequimur</span> <span class='ocrx_word' id='word_1_179' title='bbox 931 3033 962 3106; x_wconf 76' lang='grc' dir='ltr'>ἦέ</span> <span class='ocrx_word' id='word_1_180' title='bbox 978 3050 1003 3090; x_wconf 92' lang='lat' dir='ltr'>et</span> <span class='ocrx_word' id='word_1_181' title='bbox 1020 3037 1035 3106; x_wconf 82' lang='grc' dir='ltr'>ἥ</span> <span class='ocrx_word' id='word_1_182' title='bbox 1055 3044 1186 3104; x_wconf 85' lang='lat' dir='ltr'>particulis</span> <span class='ocrx_word' id='word_1_183' title='bbox 1201 3059 1269 3109; x_wconf 90' lang='grc' dir='ltr'>περι-</span> 
     </span>
     <span class='ocr_line' id='line_1_23' title="bbox 198 3119 1268 3195; baseline 0.001 -22"><span class='ocrx_word' id='word_1_184' title='bbox 198 3119 350 3192; x_wconf 86' lang='grc' dir='ltr'>ταμνόμενον</span> <span class='ocrx_word' id='word_1_185' title='bbox 363 3130 455 3188; x_wconf 86' lang='lat' dir='ltr'>optime</span> <span class='ocrx_word' id='word_1_186' title='bbox 468 3123 634 3195; x_wconf 87' lang='grc' dir='ltr'>μαχεούμενον</span> <span class='ocrx_word' id='word_1_187' title='bbox 648 3128 706 3174; x_wconf 86' lang='lat' dir='ltr'>voci</span> <span class='ocrx_word' id='word_1_188' title='bbox 718 3130 861 3189; x_wconf 88' lang='lat' dir='ltr'>opponitur:</span> <span class='ocrx_word' id='word_1_189' title='bbox 874 3134 926 3175; x_wconf 90' lang='lat' dir='ltr'>tum</span> <span class='ocrx_word' id='word_1_190' title='bbox 936 3143 996 3175; x_wconf 87' lang='lat' dir='ltr'>vero</span> <span class='ocrx_word' id='word_1_191' title='bbox 1006 3129 1027 3175; x_wconf 88' lang='lat' dir='ltr'>si</span> <span class='ocrx_word' id='word_1_192' title='bbox 1037 3128 1174 3175; x_wconf 77' lang='lat' dir='ltr'>Wounruu</span> <span class='ocrx_word' id='word_1_193' title='bbox 1187 3129 1268 3187; x_wconf 89' lang='lat' dir='ltr'>sequi-</span> 
     </span>
     <span class='ocr_line' id='line_1_24' title="bbox 199 3204 1268 3280; baseline 0.003 -24"><span class='ocrx_word' id='word_1_194' title='bbox 199 3225 255 3258; x_wconf 87' lang='lat' dir='ltr'>mur</span> <span class='ocrx_word' id='word_1_195' title='bbox 266 3204 374 3276; x_wconf 70' lang='grc' dir='ltr'>ἀνάρσιοι</span> <span class='ocrx_word' id='word_1_196' title='bbox 390 3204 475 3278; x_wconf 79' lang='grc' dir='ltr'>ἄνδρες</span> <span class='ocrx_word' id='word_1_197' title='bbox 491 3218 516 3259; x_wconf 86' lang='lat' dir='ltr'>et</span> <span class='ocrx_word' id='word_1_198' title='bbox 533 3205 696 3280; x_wconf 85' lang='grc' dir='ltr'>μαχεούμενοι</span> <span class='ocrx_word' id='word_1_199' title='bbox 714 3212 761 3260; x_wconf 89' lang='lat' dir='ltr'>sibi</span> <span class='ocrx_word' id='word_1_200' title='bbox 779 3219 945 3273; x_wconf 87' lang='lat' dir='ltr'>opponuntur,</span> <span class='ocrx_word' id='word_1_201' title='bbox 963 3227 1114 3272; x_wconf 83' lang='lat' dir='ltr'>quamquam</span> <span class='ocrx_word' id='word_1_202' title='bbox 1131 3215 1182 3259; x_wconf 85' lang='lat' dir='ltr'>fere</span> <span class='ocrx_word' id='word_1_203' title='bbox 1200 3213 1268 3260; x_wconf 86' lang='lat' dir='ltr'>idem</span> 
     </span>
     <span class='ocr_line' id='line_1_25' title="bbox 200 3288 1269 3365; baseline 0.001 -23"><span class='ocrx_word' id='word_1_204' title='bbox 200 3300 263 3342; x_wconf 88' lang='lat' dir='ltr'>sunt.</span> <span class='ocrx_word' id='word_1_205' title='bbox 290 3297 344 3343; x_wconf 84' lang='lat' dir='ltr'>Nec</span> <span class='ocrx_word' id='word_1_206' title='bbox 356 3297 435 3342; x_wconf 83' lang='lat' dir='ltr'>altero</span> <span class='ocrx_word' id='word_1_207' title='bbox 448 3298 512 3358; x_wconf 88' lang='lat' dir='ltr'>loco,</span> <span class='ocrx_word' id='word_1_208' title='bbox 526 3312 599 3357; x_wconf 86' lang='lat' dir='ltr'>quem</span> <span class='ocrx_word' id='word_1_209' title='bbox 611 3298 656 3345; x_wconf 88' lang='lat' dir='ltr'>ille</span> <span class='ocrx_word' id='word_1_210' title='bbox 668 3299 709 3344; x_wconf 88' lang='lat' dir='ltr'>vir</span> <span class='ocrx_word' id='word_1_211' title='bbox 719 3298 877 3345; x_wconf 86' lang='lat' dir='ltr'>doctissimus</span> <span class='ocrx_word' id='word_1_212' title='bbox 887 3299 1002 3357; x_wconf 88' lang='lat' dir='ltr'>contulit,</span> <span class='ocrx_word' id='word_1_213' title='bbox 1013 3288 1176 3365; x_wconf 85' lang='grc' dir='ltr'>μαχεούμενοι</span> <span class='ocrx_word' id='word_1_214' title='bbox 1185 3299 1269 3356; x_wconf 78' lang='lat' dir='ltr'>legen-</span> 
     </span>
     <span class='ocr_line' id='line_1_26' title="bbox 199 3379 1133 3443; baseline 0.004 -18"><span class='ocrx_word' id='word_1_215' title='bbox 199 3379 258 3426; x_wconf 86' lang='lat' dir='ltr'>dum</span> <span class='ocrx_word' id='word_1_216' title='bbox 270 3393 324 3427; x_wconf 91' lang='lat' dir='ltr'>esse</span> <span class='ocrx_word' id='word_1_217' title='bbox 335 3381 463 3441; x_wconf 89' lang='lat' dir='ltr'>probatur.</span> <span class='ocrx_word' id='word_1_218' title='bbox 489 3383 587 3443; x_wconf 82' lang='lat' dir='ltr'>Scripta</span> <span class='ocrx_word' id='word_1_219' title='bbox 598 3384 665 3429; x_wconf 92' lang='lat' dir='ltr'>enim</span> <span class='ocrx_word' id='word_1_220' title='bbox 678 3387 735 3430; x_wconf 91' lang='lat' dir='ltr'>sunt</span> <span class='ocrx_word' id='word_1_221' title='bbox 747 3399 767 3430; x_wconf 87' lang='grc' dir='ltr'>ω</span> <span class='ocrx_word' id='word_1_222' title='bbox 783 3385 829 3428; x_wconf 86' lang='grc'>113</span> <span class='ocrx_word' id='word_1_223' title='bbox 842 3397 888 3442; x_wconf 87' lang='lat' dir='ltr'>sqq</span> <span class='ocrx_word' id='word_1_224' title='bbox 900 3383 963 3430; x_wconf 84' lang='lat' dir='ltr'>haec</span> <span class='ocrx_word' id='word_1_225' title='bbox 976 3383 1027 3430; x_wconf 86' lang='lat' dir='ltr'>fere</span> <span class='ocrx_word' id='word_1_226' title='bbox 1039 3382 1133 3429; x_wconf 87' lang='lat' dir='ltr'>verba:</span> 
     </span>
    </p>
   </div>
   <div class='ocr_carea' id='block_1_8' title="bbox 402 3479 1004 3728">
    <p class='ocr_par' dir='ltr' id='par_1_9' title="bbox 402 3479 1004 3728">
     <span class='ocr_line' id='line_1_27' title="bbox 402 3479 1004 3558; baseline 0.005 -20"><span class='ocrx_word' id='word_1_227' title='bbox 402 3479 417 3553; x_wconf 78' lang='grc' dir='ltr'><strong>ἦ</strong></span> <span class='ocrx_word' id='word_1_228' title='bbox 432 3506 480 3539; x_wconf 93' lang='grc' dir='ltr'>που</span> <span class='ocrx_word' id='word_1_229' title='bbox 493 3482 599 3556; x_wconf 75' lang='grc' dir='ltr'>ἀνάρσιοι</span> <span class='ocrx_word' id='word_1_230' title='bbox 611 3486 697 3558; x_wconf 80' lang='grc' dir='ltr'>ἄνδρες</span> <span class='ocrx_word' id='word_1_231' title='bbox 709 3483 851 3555; x_wconf 74' lang='grc' dir='ltr'>ἐδηλήσαντ’</span> <span class='ocrx_word' id='word_1_232' title='bbox 867 3487 904 3540; x_wconf 75' lang='grc' dir='ltr'>ἐπὶ</span> <span class='ocrx_word' id='word_1_233' title='bbox 917 3490 1004 3558; x_wconf 85' lang='grc' dir='ltr'>χέρσου</span> 
     </span>
     <span class='ocr_line' id='line_1_28' title="bbox 402 3567 982 3644; baseline 0.002 -21"><span class='ocrx_word' id='word_1_234' title='bbox 402 3572 460 3639; x_wconf 82' lang='grc' dir='ltr'>βοῦς</span> <span class='ocrx_word' id='word_1_235' title='bbox 471 3574 690 3644; x_wconf 78' lang='grc' dir='ltr'>περιταμνομένους</span> <span class='ocrx_word' id='word_1_236' title='bbox 701 3571 742 3640; x_wconf 77' lang='grc' dir='ltr'>ἠδ’</span> <span class='ocrx_word' id='word_1_237' title='bbox 758 3573 815 3624; x_wconf 78' lang='grc' dir='ltr'>οἰῶν</span> <span class='ocrx_word' id='word_1_238' title='bbox 826 3567 898 3624; x_wconf 81' lang='grc' dir='ltr'>πώεα</span> <span class='ocrx_word' id='word_1_239' title='bbox 910 3567 982 3635; x_wconf 80' lang='grc' dir='ltr'>καλά,</span> 
     </span>
     <span class='ocr_line' id='line_1_29' title="bbox 402 3654 981 3728; baseline -0.002 -18"><span class='ocrx_word' id='word_1_240' title='bbox 402 3655 431 3722; x_wconf 78' lang='grc' dir='ltr'>ἠὲ</span> <span class='ocrx_word' id='word_1_241' title='bbox 443 3659 497 3727; x_wconf 67' lang='grc' dir='ltr'>περὶ</span> <span class='ocrx_word' id='word_1_242' title='bbox 508 3658 607 3718; x_wconf 86' lang='grc' dir='ltr'>πτόλιος</span> <span class='ocrx_word' id='word_1_243' title='bbox 619 3654 781 3728; x_wconf 86' lang='grc' dir='ltr'>μαχεούμενοι</span> <span class='ocrx_word' id='word_1_244' title='bbox 792 3655 837 3723; x_wconf 77' lang='grc' dir='ltr'>ἠδὲ</span> <span class='ocrx_word' id='word_1_245' title='bbox 848 3660 981 3724; x_wconf 60' lang='lat' dir='ltr'>quesistis:</span> 
     </span>
    </p>
   </div>
   <div class='ocr_carea' id='block_1_9' title="bbox 197 3765 1271 4084">
    <p class='ocr_par' dir='ltr' id='par_1_10' title="bbox 197 3765 1271 4084">
     <span class='ocr_line' id='line_1_30' title="bbox 197 3765 1268 3833; baseline -0.001 -16"><span class='ocrx_word' id='word_1_246' title='bbox 197 3773 312 3831; x_wconf 84' lang='lat' dir='ltr'>Namque</span> <span class='ocrx_word' id='word_1_247' title='bbox 323 3773 370 3821; x_wconf 91' lang='lat' dir='ltr'>hos</span> <span class='ocrx_word' id='word_1_248' title='bbox 381 3785 469 3820; x_wconf 86' lang='lat' dir='ltr'>versus</span> <span class='ocrx_word' id='word_1_249' title='bbox 480 3771 567 3833; x_wconf 89' lang='lat' dir='ltr'>paucis</span> <span class='ocrx_word' id='word_1_250' title='bbox 579 3771 665 3818; x_wconf 87' lang='lat' dir='ltr'>verbis</span> <span class='ocrx_word' id='word_1_251' title='bbox 677 3771 779 3818; x_wconf 83' lang='lat' dir='ltr'>mutatis</span> <span class='ocrx_word' id='word_1_252' title='bbox 796 3796 830 3804; x_wconf 93' lang='lat'><em>-</em></span> <span class='ocrx_word' id='word_1_253' title='bbox 845 3770 918 3816; x_wconf 86' lang='lat' dir='ltr'>vides</span> <span class='ocrx_word' id='word_1_254' title='bbox 930 3765 957 3817; x_wconf 87' lang='grc' dir='ltr'>σε’</span> <span class='ocrx_word' id='word_1_255' title='bbox 967 3782 1105 3829; x_wconf 87' lang='lat' dir='ltr'>pronomen</span> <span class='ocrx_word' id='word_1_256' title='bbox 1117 3770 1143 3816; x_wconf 87' lang='lat' dir='ltr'>iu</span> <span class='ocrx_word' id='word_1_257' title='bbox 1154 3783 1203 3817; x_wconf 90' lang='grc' dir='ltr'>που</span> <span class='ocrx_word' id='word_1_258' title='bbox 1215 3784 1268 3816; x_wconf 90' lang='lat' dir='ltr'>mu·</span> 
     </span>
     <span class='ocr_line' id='line_1_31' title="bbox 198 3851 1271 3923; baseline -0.003 -21"><span class='ocrx_word' id='word_1_259' title='bbox 198 3861 278 3903; x_wconf 81' lang='lat' dir='ltr'>tatum</span> <span class='ocrx_word' id='word_1_260' title='bbox 291 3871 344 3903; x_wconf 86' lang='lat' dir='ltr'>esse</span> <span class='ocrx_word' id='word_1_261' title='bbox 358 3864 384 3904; x_wconf 88' lang='lat' dir='ltr'>et</span> <span class='ocrx_word' id='word_1_262' title='bbox 395 3870 440 3918; x_wconf 91' lang='lat' dir='ltr'>pro</span> <span class='ocrx_word' id='word_1_263' title='bbox 451 3854 659 3923; x_wconf 87' lang='grc' dir='ltr'>περιταμνόμενον</span> <span class='ocrx_word' id='word_1_264' title='bbox 676 3857 799 3914; x_wconf 79' lang='lat' dir='ltr'>singulari</span> <span class='ocrx_word' id='word_1_265' title='bbox 814 3851 1033 3920; x_wconf 78' lang='grc' dir='ltr'>περιταμνομένους</span> <span class='ocrx_word' id='word_1_266' title='bbox 1049 3854 1156 3914; x_wconf 89' lang='lat' dir='ltr'>pluralis</span> <span class='ocrx_word' id='word_1_267' title='bbox 1174 3855 1271 3900; x_wconf 86' lang='lat' dir='ltr'>numeri</span> 
     </span>
     <span class='ocr_line' id='line_1_32' title="bbox 197 3933 1269 4000; baseline -0.003 -13"><span class='ocrx_word' id='word_1_268' title='bbox 197 3943 368 3988; x_wconf 86' lang='lat' dir='ltr'>accusativum</span> <span class='ocrx_word' id='word_1_269' title='bbox 385 3941 506 4000; x_wconf 86' lang='lat' dir='ltr'>scriptum</span> <span class='ocrx_word' id='word_1_270' title='bbox 525 3953 579 3987; x_wconf 82' lang='lat' dir='ltr'>esse</span> <span class='ocrx_word' id='word_1_271' title='bbox 599 3965 632 3974; x_wconf 94' lang='lat'>-</span> <span class='ocrx_word' id='word_1_272' title='bbox 656 3954 687 3988; x_wconf 85' lang='lat' dir='ltr'>ex</span> <span class='ocrx_word' id='word_1_273' title='bbox 703 3939 786 4000; x_wconf 89' lang='lat' dir='ltr'>priore</span> <span class='ocrx_word' id='word_1_274' title='bbox 803 3940 849 3985; x_wconf 92' lang='lat' dir='ltr'>illo</span> <span class='ocrx_word' id='word_1_275' title='bbox 867 3940 922 3985; x_wconf 92' lang='lat' dir='ltr'>loco</span> <span class='ocrx_word' id='word_1_276' title='bbox 935 3933 952 3985; x_wconf 90' lang='grc' dir='ltr'>λ</span> <span class='ocrx_word' id='word_1_277' title='bbox 963 3940 1011 3983; x_wconf 81' lang='grc'>401</span> <span class='ocrx_word' id='word_1_278' title='bbox 1026 3951 1072 3998; x_wconf 89' lang='lat' dir='ltr'>sqq</span> <span class='ocrx_word' id='word_1_279' title='bbox 1090 3943 1201 3999; x_wconf 90' lang='lat' dir='ltr'>sumptos</span> <span class='ocrx_word' id='word_1_280' title='bbox 1214 3951 1269 3985; x_wconf 86' lang='lat' dir='ltr'>esse</span> 
     </span>
     <span class='ocr_line' id='line_1_33' title="bbox 197 4024 1150 4084; baseline -0.003 -12"><span class='ocrx_word' id='word_1_281' title='bbox 197 4031 391 4072; x_wconf 83' lang='lat' dir='ltr'>consentaneum</span> <span class='ocrx_word' id='word_1_282' title='bbox 404 4030 449 4071; x_wconf 89' lang='lat' dir='ltr'>est.</span> <span class='ocrx_word' id='word_1_283' title='bbox 476 4025 550 4084; x_wconf 80' lang='lat' dir='ltr'>Quod</span> <span class='ocrx_word' id='word_1_284' title='bbox 561 4024 685 4083; x_wconf 89' lang='lat' dir='ltr'>quomodo</span> <span class='ocrx_word' id='word_1_285' title='bbox 694 4024 788 4070; x_wconf 80' lang='lat' dir='ltr'>factum</span> <span class='ocrx_word' id='word_1_286' title='bbox 800 4025 840 4084; x_wconf 90' lang='lat' dir='ltr'>sit,</span> <span class='ocrx_word' id='word_1_287' title='bbox 854 4029 953 4070; x_wconf 89' lang='lat' dir='ltr'>nonest</span> <span class='ocrx_word' id='word_1_288' title='bbox 966 4037 1009 4068; x_wconf 89' lang='lat' dir='ltr'>cur</span> <span class='ocrx_word' id='word_1_289' title='bbox 1021 4036 1150 4083; x_wconf 83' lang='lat' dir='ltr'>exponam.</span> 
     </span>
    </p>
   </div>
   <div class='ocr_carea' id='block_1_10' title="bbox 0 0 1592 4898">
    <p class='ocr_par' dir='ltr' id='par_1_11' title="bbox 0 0 1592 4898">
     <span class='ocr_line' id='line_1_34' title="bbox 0 0 1592 4898; baseline 0 0"><span class='ocrx_word' id='word_1_290' title='bbox 0 0 1592 4898; x_wconf 95' lang='lat' dir='ltr'> </span> 
     </span>
    </p>
   </div>
  </div>
 </body>
</html>
