3176 4898
295 502 363 562 dem
378 504 429 582 qui
444 502 482 561 ad
498 499 525 562 H
542 506 602 563 491
625 502 759 576 adnotat,
785 503 889 564 foedus
912 505 989 563 inter
1009 505 1102 563 socios
1124 504 1184 564 tale
1205 506 1308 579 fuisse,
1332 513 1365 562 ut

295 614 365 671 socii
381 612 591 674 modestissime
611 621 809 674 tractarentur
823 633 942 674 necessa
962 621 1051 687 esset,
1073 633 1191 693 prorsus
1210 615 1363 675 assentior.

294 721 362 796 Qua
375 721 496 782 tandem
511 722 628 796 fiducia,
649 744 709 803 qua
728 723 867 802 superbia
881 723 933 783 illa
947 722 1128 802 Sarpedonis
1143 724 1235 784 verba
1249 725 1365 803 prolata

295 839 372 905 sunt,
388 831 495 912 quibus
510 834 561 892 ille
577 833 739 894 Hectorem
755 853 911 910 aggressus
927 842 979 892 cst.
1010 827 1056 892 Of.
1072 828 1100 893 E
1116 835 1178 894 490
1193 853 1248 912 sqq

449 940 496 1002 coi
511 931 546 1001 δέ
559 940 616 1024 χρὴ
631 931 709 1002 τάδε
722 941 828 1002 πάντα
843 943 945 1026 μέλειν
960 939 1072 1013 νύκτας
1087 963 1122 1004 τε
1137 939 1189 1002 καὶ
1204 934 1284 1026 ἦμαρ

450 1049 558 1136 ἀρχοὺς
572 1050 741 1134 λισσομένῳ
756 1052 963 1120 τηλεκλειτῶν
980 1049 1146 1136 ἐπικούρων

448 1161 609 1244 νωλεμέως
624 1160 741 1245 ἐχέμεν,
757 1160 905 1247 κρατερὴν
920 1152 946 1222 δ’
966 1156 1130 1222 ἀποθέσθαι
1145 1159 1257 1229 ἐνιπήν.

359 1296 444 1356 ldem
457 1296 591 1376 Sarpedo
603 1298 726 1357 Hectori
741 1298 798 1376 ipsi
813 1297 893 1370 dicit,
909 1297 1030 1356 Troiam
1046 1299 1131 1357 sociis
1146 1319 1206 1357 non
1221 1298 1365 1358 adiuvan-

295 1406 374 1467 tibus
384 1406 506 1466 defendi
516 1427 576 1466 uon
587 1425 681 1487 posse.
704 1405 828 1480 Quaerit
840 1409 919 1466 enim
931 1425 969 1465 ex
979 1405 1117 1482 Hectore,
1130 1425 1201 1466 num
1212 1410 1276 1488 ipse
1287 1408 1365 1467 solus

296 1537 364 1575 curn
393 1517 575 1576 consobrinis
604 1537 639 1576 uc
668 1517 808 1578 fratribus
837 1516 940 1576 urbam
970 1513 1143 1576 defensurus
1172 1518 1218 1576 sit.
1264 1516 1309 1577 cf.
1339 1513 1365 1577 E

296 1629 359 1685 472
374 1646 428 1705 sqq

443 1731 572 1822 Ἕκτορ,
588 1739 631 1816 πῇ
647 1725 686 1804 δή
703 1757 753 1797 τοι
768 1737 856 1820 μένος
871 1735 995 1821 οἴχεται,
1009 1733 1026 1796 ὃ
1042 1733 1111 1821 πρὶν
1127 1737 1258 1820 ἔχεσκες

447 1853 503 1928 φῆς
517 1866 575 1906 που
593 1843 665 1931 ἄτερ
680 1846 766 1907 λαῶν
781 1844 869 1906 πόλιν
885 1835 991 1929 ἐξέμεν
1005 1833 1054 1914 ἠδ’
1074 1844 1240 1932 ἐπικούρων

449 1951 517 2034 οἷος,
532 1955 586 2017 σὺν
601 1955 763 2042 γαμβροῖσι
777 1953 988 2041 κασιγνήτοισί
1001 1977 1038 2018 τε
1052 1963 1155 2020 σοῖσιν.

357 2100 463 2180 Neque
474 2099 669 2161 omittendum
681 2108 734 2174 est,
746 2099 892 2180 quomodo
903 2101 981 2159 inter
992 2099 1152 2161 Hectorem
1165 2108 1195 2160 et
1206 2099 1364 2176 Glaucum,

294 2210 455 2289 Lyciorum
471 2212 576 2270 ducem
597 2219 694 2270 actum
715 2211 765 2269 sit:
793 2210 830 2268 cf.
852 2203 955 2270 P140
970 2231 1032 2291 sqq.
1078 2209 1126 2269 Ibi
1148 2212 1228 2270 enim
1250 2209 1365 2270 Hector

293 2341 347 2380 nos
362 2320 456 2394 docet,
471 2321 616 2400 quomodo
631 2321 701 2379 socii
716 2321 835 2379 tractati
850 2321 917 2392 sint,
938 2328 971 2380 ut
991 2340 1106 2400 semper
1125 2320 1210 2380 bonis
1225 2320 1363 2380 fortibus·

292 2450 351 2509 que
367 2431 472 2489 animis
487 2439 648 2490 uterentur.
679 2429 726 2488 cf.
742 2425 767 2488 P
783 2431 844 2489 225
862 2451 895 2509 sq
1054 2413 1057 2420 ¹

445 2538 488 2600 ττὶ
503 2539 635 2622 φρονέων
652 2529 772 2623 δώροισι
788 2537 973 2623 κατατρύχω
989 2538 1041 2600 καὶ
1056 2529 1159 2620 ἐδωδῇ

445 2647 546 2724 λαούς,
562 2649 707 2732 ὑμέτερον
723 2639 757 2710 δὲ
773 2647 906 2710 ἑκάστου
921 2645 1014 2734 θυμὸν
1030 2645 1086 2728 ἀέξ
1114 2697 1121 2712 .

358 2787 400 2844 Et
414 2785 493 2845 idern
503 2786 617 2844 Hector
631 2786 693 2864 ipse
706 2787 858 2859 concessit,
871 2787 975 2864 quanti
987 2787 1058 2844 socii
1069 2787 1245 2847 aestimandi
1257 2795 1362 2847 essent.

293 2895 429 2974 Apparet
444 2898 531 2971 enirn,
550 2895 694 2955 Troianos
715 2896 793 2974 ipsos
813 2915 873 2954 non
891 2903 1046 2975 tantopere
1065 2897 1207 2971 valuisse,
1228 2905 1261 2958 ut
1279 2904 1363 2956 tanto

294 3005 473 3065 Graecorum
488 3006 630 3066 exercitui
644 3025 697 3085 per
711 3004 814 3064 decern
836 3026 929 3065 anuos
949 3007 1085 3066 resistere
1107 3015 1234 3086 possent.
1279 3007 1364 3082 Quae

295 3133 362 3172 cum
377 3116 499 3174 Troiani
515 3116 738 3189 intellexissent,
754 3117 847 3175 socios
862 3115 917 3175 sibi
932 3116 1146 3198 adiunxerunt3
1161 3138 1285 3198 quorum
1300 3118 1363 3196 qui·

294 3223 361 3282 dem
377 3244 515 3284 numerus
530 3235 658 3304 quantus
678 3226 781 3297 fuerit,
801 3225 967 3285 luculenter
989 3248 1042 3286 nos
1063 3228 1115 3288 illa
1137 3228 1229 3288 verba
1248 3227 1362 3300 docent,

293 3353 370 3412 quae
384 3334 498 3393 Hector
513 3329 538 3392 P
554 3337 614 3392 220
635 3336 790 3413 protulisse
805 3344 955 3394 narratur:

445 3443 586 3518 κέκλυτε,
602 3440 692 3525 μυρία
707 3445 789 3526 φῦλα
803 3441 1000 3526 περικτιόνων
1016 3442 1189 3529 ἐπικούρων.

357 3578 540 3653 Quibuscum
554 3579 652 3640 verbis
666 3599 783 3658 prorsus
798 3587 978 3656 congruunt,
999 3600 1076 3660 quae
1090 3582 1123 3640 in
1142 3584 1264 3643 navium
1280 3593 1358 3644 cata·

292 3689 362 3766 logo
376 3689 413 3748 ds
428 3691 566 3750 Troianis
581 3708 740 3769 eorumque
760 3689 845 3747 sociis
865 3698 1032 3750 narrantur.
1077 3690 1204 3752 Accedit
1225 3693 1303 3772 quod
1325 3713 1363 3754 ax

293 3798 527 3876 Agamemnonis
542 3800 648 3873 verbis,
665 3817 741 3879 quaa
752 3793 778 3858 B
794 3801 851 3858 129
868 3817 922 3878 sqq
933 3801 1134 3875 inveniuntur,
1147 3803 1248 3880 colligi
1259 3813 1363 3884 potest,

294 3909 468 3987 permultos.
484 3910 577 3969 socios
607 3929 625 3968 a
653 3909 789 3969 Troianis
818 3930 881 3970 esse
910 3919 1111 3988 congregatos.
1162 3913 1263 3973 Verba
1292 3914 1311 3974 l.
1343 3915 1361 3974 l.

295 4019 368 4078 haec
384 4028 465 4078 sunt:
