3176 4898
740 328 779 390 13

224 513 275 570 illo
297 521 429 592 tempore
452 514 629 588 habebatur,
659 516 849 594 peregrinum
876 515 961 574 domo
984 517 1145 594 prohibere.
1191 521 1297 600 Itaque

222 623 377 682 Menelaus
403 625 537 685 Eteoneo
564 624 720 704 opprobrio
746 626 815 684 fecit
841 625 920 704 quod
946 629 1115 705 peregrinos
1142 629 1181 688 ad
1203 631 1293 689 alium

223 733 363 792 missurus
379 743 451 794 erat.
483 735 530 794 cf.
547 725 566 794 δ
581 738 622 794 30
638 756 690 814 sqq

374 863 430 929 τὸν
447 855 480 930 dd
493 867 558 955 μέγ’
579 867 705 954 θμθήσας
719 866 853 953 προσέφη
869 861 974 942 ξανθὸς
988 867 1145 944 Μενέλαος

377 977 410 1037 οὐ
427 975 481 1063 μὲν
499 977 600 1051 ννίπιος
614 972 701 1052 ἦσθα,
718 969 866 1049 Βοηθοίθη
879 977 1045 1062 Ἐτεωνεῦ,

334 1099 336 1104 “
375 1084 413 1147 τὸ
428 1087 504 1173 πρίν·
521 1089 601 1171 ἀτὰρ
618 1086 674 1172 μὲν
691 1092 741 1148 νῦν
757 1109 793 1174 γε
807 1087 878 1160 πάϊς
893 1089 933 1160 ὣς
948 1089 1039 1158 νήπια
1053 1081 1161 1170 βάζεις.
1245 1101 1247 1106 ’

376 1190 395 1265 ἦ
411 1186 520 1282 μὲνδὴ
537 1204 591 1258 νῶι
606 1194 718 1277 ξεινήια
729 1198 833 1260 πολλοὶ
850 1197 984 1284 φαγόντε

376 1305 479 1368 ἄλλων
495 1306 661 1393 ἀνθρώπων
678 1299 753 1390 δεῦρ’
774 1307 898 1393 ἱκόμεθ’,
911 1311 944 1370 αί
957 1308 992 1370 κέ
1007 1307 1075 1371 ποθι
1091 1309 1164 1382 Ζεύς

375 1413 505 1496 ἐξοπίσω
521 1439 574 1503 περ
590 1417 693 1497 παύση
710 1408 816 1490 ὀιζύος.

286 1553 363 1612 Item
379 1553 488 1613 Nestor
502 1574 523 1638 γ
538 1557 577 1614 69
594 1575 648 1633 sqq
663 1555 830 1613 Minervam
845 1555 1115 1635 'l'elemachumque
1132 1559 1176 1616 his
1192 1559 1290 1619 verbis

225 1662 385 1741 alloquitur

375 1776 425 1833 νῦν
442 1764 480 1842 δὴ
495 1771 625 1834 κάλλιόν
641 1775 707 1834 ἐστι
722 1775 913 1857 μεταλλῆσαι
929 1774 980 1835 καὶ
996 1773 1112 1859 ἐρέσθαι

376 1879 494 1961 ξείνους,
511 1880 631 1954 οἵτινές
645 1887 725 1956 εἰσιν,
742 1883 806 1945 ἐπεὶ
820 1883 978 1967 τάρπησαν
994 1877 1118 1956 ἐδωδῆς.

374 1987 399 2053 ol
416 1990 514 2071 ξεῖνοι,
529 1993 607 2064 τίνες
622 1993 706 2069 ἐστέ;
721 1991 810 2055 πόθεν
825 1993 919 2056 πλεῖθ’
939 1991 1018 2080 ὑγρά
1032 1993 1174 2071 κέλευθα;

374 2097 394 2172 ἦ
409 2127 440 2164 τι
454 2098 538 2163 κατὰ
552 2099 659 2184 πρῆξιν
675 2096 694 2172 ἦ
710 2095 857 2186 μαψιδίως
871 2102 1033 2181 ἀλάλησθε,

375 2206 423 2274 οἷοί
439 2234 475 2274 τε
491 2214 659 2298 ληϊστῆρες,
675 2212 758 2296 ὑπεὶρ
775 2212 852 2289 ἅλα;
867 2212 916 2274 τοί
930 2215 956 2274 τ’
976 2213 1132 2275 ἅλ’ωνται

373 2317 468 2408 ψυχὰς
482 2320 668 2408 παρθέμενοι,
684 2319 780 2385 κακὸν
795 2315 1002 2385 ἀλλοδαποῖσι
1017 2321 1165 2409 φέροντες.

285 2467 370 2542 Quae
389 2469 483 2536 ¹verba
505 2470 603 2528 omnia
625 2470 674 2528 hic
689 2469 906 2548 adscripsimus,
930 2469 1037 2547 quibus
1053 2468 1294 2545 demonstremus

221 2579 308 2656 quale
335 2587 398 2636 tum
423 2580 512 2638 fuerit
535 2579 703 2657 hospitium.
748 2579 886 2657 Namque
907 2579 1138 2638 luculentissime
1161 2589 1293 2658 apparet,

219 2705 257 2746 ne
272 2687 470 2766 praedonibus
479 2688 598 2768 quidem
609 2689 769 2767 hospitium
781 2698 921 2766 negatum
938 2708 1000 2748 esse
1012 2707 1108 2767 neque
1119 2689 1292 2748 incredibile

219 2798 293 2856 mihi
307 2817 370 2857 esse
380 2798 506 2873 videtur,
523 2817 560 2858 ex
576 2797 700 2858 advenis
714 2799 836 2877 quinam
852 2807 948 2858 essent
965 2819 1024 2856 non
1040 2800 1205 2878 quaesitum
1218 2819 1288 2872 esse,

219 2926 258 2966 ne
272 2908 348 2967 forte
363 2927 393 2968 se
409 2910 528 2987 hospitii
542 2908 685 2968 beneficio
699 2907 837 2984 indignos
852 2908 1037 2987 praeberent.
1063 2908 1129 2967 Nec
1144 2909 1293 2967 sceleratis

220 3018 379 3096 hospitium
394 3027 536 3095 negatum
551 3026 611 3077 est:
627 3018 665 3076 cf.
680 3014 693 3076 l
709 3020 771 3077 478
787 3038 850 3098 sqq.
873 3018 965 3078 Velut
979 3018 1134 3077 Patroclus
1149 3019 1211 3096 ipse
1227 3039 1293 3076 nar-

219 3136 273 3200 rat,
291 3147 321 3186 se
332 3128 459 3187 Phthiae
473 3149 490 3187 a
501 3129 591 3187 Peleo
599 3127 727 3187 Achillis
738 3136 822 3207 patre
835 3131 957 3194 comiter
968 3137 1125 3206 exceptum
1140 3148 1211 3201 esse,
1225 3149 1293 3186 oum

219 3245 303 3314 patre
315 3259 367 3315 pro
379 3247 471 3297 matre
483 3238 562 3296 ultus
574 3245 763 3316 esset———qua
778 3237 814 3296 de
829 3258 861 3297 re
876 3239 1022 3316 copiosius
1037 3237 1200 3297 disserendi
1215 3239 1293 3297 infra

219 3347 301 3404 locus
330 3349 392 3407 erit.
436 3348 567 3426 Hospitii
594 3348 685 3424 igitur
709 3348 839 3406 officium
867 3369 932 3406 cum
949 3347 1083 3406 omnibus
1099 3347 1137 3406 ab
1158 3348 1293 3407 omnibus

219 3456 416 3535 praeberetur,
436 3466 537 3516 tamen
552 3464 782 3516 consentaneum
798 3465 851 3531 est,
866 3459 1034 3537 principum
1054 3443 1183 3517 maxime'
1204 3459 1292 3516 inter-

219 3568 318 3641 fuisse,
344 3576 377 3625 ut
402 3587 517 3626 summa
543 3567 600 3626 hac
625 3567 714 3628 laude
735 3569 880 3626 florerent.
924 3562 1009 3641 Quae
1032 3588 1099 3625 cum
1123 3569 1165 3625 ita
1186 3575 1290 3640 essent,

218 3678 415 3736 Telemachus
431 3678 621 3736 vehementer
635 3679 729 3736 iratus
744 3684 796 3750 est,
819 3676 899 3756 quod
914 3655 1103 3755 peregrinum
1126 3677 1157 3733 in
1179 3674 1292 3735 foribus

219 3795 346 3846 stantem
361 3787 436 3846 vidit
451 3788 488 3846 cf.
505 3809 526 3846 α
539 3789 598 3847 119
612 3808 646 3866 sq

373 3896 412 3976 βῆ
432 3887 457 3955 δ’
479 3891 538 3968 ἰθὺς
552 3891 718 3980 προθύροιο,
734 3891 899 3978 νεμεσσήθη
921 3883 946 3951 δ’
967 3891 1010 3954 ἐνὶ
1024 3890 1108 3978 θυμῷ

372 4001 467 4083 ξεῖνον
483 3996 562 4074 δηθὰ
577 4003 697 4088 θύρῃσιν
714 4004 892 4090 ἐφεστάμεν·
