3176 4898
654 324 851 419 *L

447 510 461 532 θ

374 508 425 570 καί
441 533 454 596 ρ
483 511 512 582 ές
528 513 637 594 μέσσον
655 510 708 571 ἰών
725 507 837 596 Τρώων
854 509 1153 598 ἀνέερχεροὶλαγχας

374 617 487 702 μέσσου
503 610 606 704 δουρὸς
622 620 715 682 ἑλών·
731 619 780 681 τοί
796 611 821 681 δ’
841 612 1017 704 ἱδρύνθησαν
1034 623 1174 694 ἅπαντες.

239 764 252 784 .
286 728 402 804 Quibus
432 739 530 790 autem
551 733 658 790 animis
681 732 726 790 illi
745 733 803 791 viri
833 732 947 810 impleti
975 733 1100 804 fuerint,
1130 753 1167 792 ex
1196 734 1294 793 verbis

222 847 354 919 apparet,
369 860 446 918 quae
457 840 589 900 Achivos
600 843 804 920 Troianosque
819 841 966 900 locuturos
981 862 1044 902 esse
1055 843 1167 902 Hector
1179 852 1291 902 censet:

222 951 259 1009 cf.
276 945 307 1010 H
323 953 386 1010 300
400 970 455 1029 sqq

373 1057 451 1143 ὄφρα
465 1081 510 1130 τις
526 1049 579 1118 ὧδ’
600 1061 715 1140 εἴπῃσιν
727 1055 864 1142 Ἀχαιῶν
879 1081 915 1122 τε
931 1057 1045 1145 Τρώων
1061 1081 1097 1122 τε

374 1165 451 1252 ἠμὲν
467 1165 658 1253 ἐμαρνάσθην
675 1159 769 1252 ἔριδος
783 1167 849 1252 πέρι
863 1167 1049 1254 θυμοβόροιο,

372 1268 420 1345 ἠδ’
440 1271 507 1337 αὖτ’
527 1278 559 1339 ἐν
575 1277 719 1362 φιλότητι
734 1269 900 1364 διέτμαγεν
916 1277 1117 1364 ἀρθμήσαντε.

292 1422 393 1480 Etiam
403 1421 527 1481 alterum
536 1432 685 1483 certamen
697 1423 785 1500 longe
796 1421 997 1481 nobilisimum
1009 1424 1296 1482 commemorandum

223 1540 275 1603 est,
287 1531 365 1611 quod
375 1532 453 1591 inter
464 1532 603 1592 Paridem
615 1540 643 1592 et
659 1532 917 1607 Menelaumxerat.
946 1533 1013 1591 Hoc
1029 1540 1128 1591 autem
1144 1541 1293 1592 certamen

222 1643 283 1700 iam
299 1663 318 1700 a
332 1642 603 1730 Nansnnsnacrno
619 1644 723 1701 summi
747 1643 887 1701 momenti
907 1661 968 1700 esse
987 1641 1123 1700 traditur.
1168 1642 1200 1701 Is
1214 1644 1294 1701 enim

222 1753 254 1809 in
268 1751 419 1828 theologia
433 1752 581 1810 homerica
595 1772 624 1830 p.
647 1754 709 1811 304
724 1752 797 1810 haec
817 1750 908 1810 verba
928 1751 1032 1810 habet:
1056 1752 1183 1825 „Dieser
1199 1753 1292 1812 Zwei·
1389 1801 1391 1804 .

223 1861 331 1939 kampf
348 1861 411 1937 legt
433 1880 488 1919 uns
509 1860 558 1920 die
585 1861 853 1920 volkerrechtliche
877 1860 1037 1938 Gesittung
1065 1861 1116 1920 des
1137 1863 1294 1921 Zeitalters

223 1973 254 2028 in
270 1971 337 2028 dem
353 1970 538 2029 ansftihrlich
553 1971 771 2047 geschilderten
787 1969 1103 2048 Vertragsabschlusse
1126 1970 1213 2054 dar.“¹
1254 1972 1295 2029 Et

222 2079 275 2137 illo
300 2079 421 2158 quidem
447 2080 520 2153 loco,
546 2100 604 2159 quo
626 2081 739 2140 Hector
764 2080 881 2139 adhoc
907 2088 1057 2140 certamen
1084 2089 1294 2159 provocaturus

224 2198 295 2261 erat,
313 2189 421 2248 Graeci
437 2188 556 2268 quidem
580 2209 647 2249 eum
669 2191 786 2266 sagittis
801 2198 830 2248 et
848 2190 998 2268 lapidibus
1019 2192 1139 2269 petiisse
1158 2191 1294 2249 feruntur

223 2298 278 2357 sed
293 2298 480 2375 Agamemno
503 2300 602 2357 statim
623 2319 672 2358 eos
692 2319 825 2377 pugnam
841 2300 1034 2360 intermittere
1054 2301 1139 2358 iussit
1161 2299 1207 2358 his
1222 2300 1294 2377 ipsis

221 2406 321 2468 verbis
336 2403 361 2466 Γ
377 2405 416 2468 82
433 2428 467 2486 sq

376 2511 496 2600 ἴσχεσθ’,
507 2513 650 2602 Ἀργεῖοι,
666 2515 708 2601 μὴ
721 2515 863 2596 βάλλετε,
876 2521 978 2602 κοῦροι
989 2514 1135 2601 Ἀχαιῶν

374 2629 501 2687 στεῦται
515 2626 573 2713 γάρ
589 2647 620 2686 τι
636 2629 706 2699 έπος
723 2625 813 2711 ἐρέειν
829 2624 1021 2711 κορυθαίολος
1032 2625 1169 2712 Ἕκτωρ.

285 2763 365 2822 Tum
397 2782 468 2822 vero
505 2762 605 2820 statim
637 2761 746 2822 Graeci
780 2781 897 2841 quoque
926 2783 1028 2841 pugna
1056 2763 1234 2822 abstiterunt
1263 2772 1292 2821 et

221 2873 342 2946 Hector,
358 2890 433 2951 quae
449 2871 575 2931 dicenda
591 2880 682 2946 erant,
699 2872 829 2951 protulit.
875 2871 921 2931 of.
937 2867 962 2930 Γ
978 2875 1019 2932 90
1035 2892 1089 2952 sqq
1157 2873 1160 2880 ’

263 3004 357 3067 αὐτὸν
373 2995 607 3089 (Αλέξανδρον)
625 2993 650 3066 δ’
670 3006 701 3066 ἐν
718 3004 820 3088 μέσσῳ
835 3005 887 3066 καὶ
903 3002 1058 3089 ἀρηίφιλον
1075 3004 1235 3068 Μενέλαον

264 3117 341 3188 οἴους
357 3114 427 3198 ἀμφ’
447 3113 561 3195 Ἑλένῃ
578 3114 630 3174 καὶ
644 3114 781 3197 κτήμασι
796 3121 870 3174 πᾶσι
885 3112 1040 3199 μάχεσθαι.

264 3223 428 3308 ὁππότερος
445 3215 478 3286 δέ
494 3245 529 3286 κε
543 3222 650 3305 νικνῖσχι
666 3221 808 3307 κρείσσων
825 3244 860 3284 τε
875 3223 1012 3309 γένηται,

263 3332 392 3417 κτήμαθ’
414 3330 493 3394 ἑλῶν
510 3327 542 3395 ed
557 3335 662 3395 πάντα
677 3331 807 3418 γυναῖκά
823 3355 859 3394 τε
876 3322 972 3395 οἴκαδ’
993 3333 1122 3420 ἀγέσθω.

296 3471 298 3478 s
325 3443 332 3466 ι
358 3443 370 3465 ιι
516 3443 523 3464 ν
668 3443 674 3465 ι
702 3441 707 3462 ι
875 3439 881 3462 ι
935 3445 940 3462 ι

263 3434 325 3506 οἰδ
353 3445 442 3505 αλλοι
458 3444 610 3528 φιλοτητα
626 3465 677 3503 και
693 3445 779 3523 ὁρκια
793 3465 887 3503 πιστα
902 3465 1059 3531 ταμωμεν.

285 3581 335 3640 Ειι
361 3580 446 3640 vides
472 3581 668 3639 rectissimum
695 3581 751 3638 hoc
778 3579 933 3637 consilium
955 3581 1056 3639 fuisse.
1100 3578 1238 3656 Namque
1260 3579 1291 3636 in

224 3711 258 3749 eo
273 3698 345 3765 erat,
361 3698 394 3749 ut
409 3692 430 3748 ii
446 3689 556 3748 bellum
571 3689 699 3763 finirent,
714 3697 835 3769 propter
849 3709 921 3766 quos
936 3690 1087 3768 inceptum
1102 3694 1174 3748 erat.
1205 3686 1293 3761 Quod

222 3800 343 3878 quidem
369 3809 490 3878 pactum
510 3820 568 3878 quo
593 3799 724 3858 sanctius
749 3805 832 3871 esset,
853 3799 991 3857 Priamus
1015 3798 1171 3858 arcessitus
1192 3805 1244 3871 est,
1260 3804 1294 3854 ut

223 3929 308 3968 sacra
322 3911 442 3969 faceret.
475 3908 618 3969 Conferre
633 3917 731 3968 autem
746 3908 830 3965 iuvat
843 3907 974 3965 Menelai
984 3905 1085 3979 verba,
1100 3925 1177 3986 quae
1190 3902 1216 3965 Γ
1231 3907 1292 3965 105

222 4038 276 4097 sqq
291 4019 485 4078 inveniuntur
