3176 4898
805 321 848 384 60

725 405 927 414 m

356 507 488 568 Glaucus
503 516 602 569 autern
618 511 680 589 ipse
695 508 771 570 bene
785 510 968 582 meminerat,
985 509 1088 588 quenti
1104 509 1245 569 momenti
1256 509 1362 588 Lycio·

288 639 354 676 rum
370 619 513 678 auxilium
524 628 607 679 esset.
638 619 761 680 Summa
771 620 852 679 enirn
864 617 990 679 audacia
1002 638 1038 678 ea
1048 617 1140 677 verba
1152 619 1269 698 prolata
1283 625 1361 692 sunt,

288 727 395 807 quibus
409 729 570 788 Hectorem
584 729 728 788 allocutus
743 737 796 788 est.
827 727 873 787 Of.
892 723 916 786 P
934 728 994 787 154
1010 748 1065 808 sqq

441 879 488 949 τῷ
504 873 555 930 νῦν
571 872 655 942 εἴτις
670 870 737 956 ἐμοὶ
753 867 879 930 Λυκίων
896 868 1081 932 ἐπιπείσεται
1097 861 1225 953 ἀνδρῶν,

443 971 539 1042 οἴκαδ’
560 981 637 1065 ίμεν,
652 975 745 1065 Τροίη
763 970 797 1040 δὲ
812 979 981 1064 πεφήσεται
997 980 1085 1052 αἰπὺς
1100 978 1229 1063 ὄλεθρος.

373 1123 463 1184 Adde
488 1123 567 1204 quod
591 1123 730 1183 induciae
755 1144 871 1204 quoque
897 1125 955 1182 illis
978 1124 1160 1203 temporibus
1180 1125 1277 1183 factae
1300 1144 1363 1184 esse

290 1235 432 1293 feruntur.
468 1233 610 1293 Inducias
625 1241 726 1293 autem
739 1234 834 1293 factas
849 1234 962 1294 foederi
977 1235 1037 1293 icto
1052 1234 1217 1294 simillimas
1232 1253 1295 1293 esse
1310 1236 1363 1292 vix

291 1343 428 1422 estquod
443 1364 675 1404 commemorem.
720 1344 863 1403 Binarum
883 1364 954 1403 vero
973 1344 1158 1403 induciarum
1180 1346 1211 1403 in
1227 1346 1363 1403 carmini·

291 1452 346 1512 bus
368 1455 525 1514 homericis
543 1455 654 1514 mentio
674 1454 716 1512 fit.
760 1452 807 1511 Ac
827 1455 941 1532 primae
961 1452 1080 1535 quidem
1109 1453 1247 1512 induciae
1265 1453 1364 1513 fectae

292 1572 370 1637 sunt,
391 1573 424 1623 ut
439 1565 546 1624 mortui
567 1563 769 1642 sepelirentur.
814 1561 896 1636 Quas
919 1562 956 1623 ob
976 1562 1111 1622 inducias
1131 1563 1242 1623 idaeus
1261 1565 1363 1622 'lhoia-

293 1694 397 1732 norum
412 1695 442 1753 pr
448 1695 518 1734 acco
534 1673 571 1734 ad
588 1671 718 1733 Graecos
732 1673 837 1730 missus
849 1679 905 1732 est:
918 1673 965 1732 cui
976 1673 1111 1732 Priamus
1122 1673 1196 1733 haec
1207 1673 1270 1733 fere
1280 1693 1363 1732 man-

293 1782 376 1842 davit
391 1777 422 1843 H
437 1786 498 1843 375
515 1804 569 1864 sqq

443 1923 495 1987 καὶ
510 1915 544 1986 δὲ
559 1915 626 1986 τόδ’
646 1927 799 2006 εἰπέμεναι
813 1922 937 1986 πυκινὰν
954 1927 1031 1998 ἔπος,
1048 1926 1081 1985 αἴ
1094 1924 1118 1985 κ’
1139 1923 1281 1987 ἐθέλωσιν

403 2013 406 2022 ’
443 2032 617 2097 παύσασθαι
633 2034 778 2119 πολέμοιο
795 2021 948 2118 δυσηχέος,
964 2038 1004 2107 εἰς
1020 2032 1036 2097 ὅ
1052 2055 1087 2096 κε
1102 2033 1222 2119 νεκρούς

445 2146 569 2232 καίομεν.
586 2144 710 2228 ὕστερον
727 2137 803 2206 αὖτε
818 2143 1015 2229 μαχησόμεθ,
1030 2149 1070 2218 εἰς
1084 2142 1100 2206 ὅ
1116 2165 1152 2207 κε
1167 2134 1286 2230 δαίμων

444 2255 527 2341 ἄμμε
543 2247 678 2340 διακρίνῃ
696 2245 761 2335 δοίη
778 2246 804 2315 δ’
824 2253 952 2340 ἑτέροισί
966 2277 1003 2342 γε
1018 2254 1111 2326 νίκην.

357 2403 424 2461 Hae
440 2411 539 2462 autem
554 2401 691 2459 induciae
707 2401 806 2458 statim
818 2399 856 2459 ab
869 2392 1096 2478 Agamemnone
1110 2420 1268 2461 concessae
1282 2409 1365 2460 sunt:

290 2511 367 2570 dixit
381 2514 459 2572 enim
474 2506 505 2572 H
520 2514 582 2572 408
597 2531 652 2591 sqq

446 2654 522 2740 ἀμφὶ
538 2646 573 2716 δὲ
586 2663 728 2739 νεκροῖσιν
744 2655 951 2737 κατακαιέμεν
968 2651 1049 2714 οὔτι
1066 2651 1210 2740 μεγαίρω.

443 2767 477 2826 οὐ
493 2764 551 2852 γάρ
566 2788 610 2837 τις
625 2757 717 2849 osrici
734 2761 847 2826 νεκύων
863 2760 1127 2833 κατατεθνηώτων

444 2872 570 2960 γίγνετ’,
586 2873 651 2938 ἐπεί
666 2895 701 2936 κε
716 2871 838 2955 θάνωσι,
853 2871 945 2956 πυρὸς
960 2874 1149 2957 μειλισσέμεν
1165 2867 1241 2936 ὦκα.

447 2982 535 3068 ὅρκια
550 2975 585 3046 δὲ
601 2983 673 3056 Ζεὺς
687 2985 771 3068 ίστω,
788 2973 964 3068 ἐρίγδουπος
978 2982 1064 3054 πόσις
1073 2979 1179 3064 Ἥρης.
1280 2997 1285 3032 -“

355 3129 448 3189 Vides
463 3131 553 3207 igitur
568 3132 623 3190 boc
646 3130 710 3188 loco
730 3130 834 3210 quanti
855 3128 925 3188 illae
947 3127 1085 3188 induciae
1106 3129 1276 3188 aestimatae
1297 3129 1363 3187 sint.

292 3238 488 3298 Iureiurando
500 3242 578 3299 enim
590 3240 660 3299 dato
672 3241 769 3299 statim
783 3241 825 3298 ita
837 3238 1027 3298 confirmatae
1039 3247 1116 3313 sunt,
1124 3248 1157 3297 ut
1168 3238 1235 3297 illas
1245 3237 1365 3300 laedere

292 3348 376 3406 nefas
391 3348 556 3408 haberetur.
601 3348 695 3408 Aliud
717 3368 833 3429 quoque
856 3347 1024 3426 exemplum
1046 3348 1230 3407 induciarum
1250 3349 1281 3406 in
1304 3368 1365 3408 car·

292 3457 420 3517 minibus
435 3459 589 3518 homericis
604 3467 709 3519 exstat.
747 3457 881 3517 Achilles
896 3457 975 3516 enirn
991 3477 1057 3516 cum
1072 3479 1091 3516 a
1105 3458 1225 3517 Priamo
1240 3478 1365 3518 commo-

292 3578 339 3629 tus
358 3578 448 3645 esset,
468 3579 502 3628 ut
521 3570 658 3629 Hectoris
678 3568 807 3628 cadaver
827 3566 1000 3639 solveretur,
1027 3569 1116 3627 etiam
1142 3568 1291 3649 pollicitus
1312 3577 1365 3643 est,
1395 3559 1408 3580 ⁹

292 3679 422 3739 Graecos
442 3699 548 3738 novem
571 3679 634 3738 dies
654 3698 736 3738 arma
755 3679 901 3758 posituros
920 3695 992 3736 esse.
1037 3677 1109 3757 Ipsa
1132 3685 1232 3738 eutem
1254 3678 1367 3738 Priami

292 3789 383 3848 verba
399 3790 472 3848 baec
487 3797 555 3848 sunt
571 3784 605 3848 Ω
622 3791 682 3848 662

446 3909 534 3977 οἶσθα
548 3914 606 4003 γὰρ
622 3913 662 3987 ώς
677 3912 760 3975 κατὰ
777 3911 854 3974 ἄστυ
872 3909 1010 3995 ἐέλμεθα,
1025 3908 1131 3983 τηλόθι
1147 3905 1174 3974 θ’
1195 3911 1252 3986 ὕλη

447 4015 556 4108 ἀξέμεν
574 4017 607 4099 ἐξ
623 4024 712 4110 ὄρεος,
728 4023 816 4109 μάλα
831 4014 867 4086 δὲ
882 4019 982 4108 Τρῶες
998 4015 1140 4086 δεδίασιν.
