3176 4898
738 288 779 351 59

376 475 487 537 τύσσον
503 475 564 563 ἐγώ
580 497 655 562 φημι
670 477 765 547 πλίκς
781 477 907 560 ἔμμεναι
923 468 986 546 υἷας
998 473 1133 561 Ἀχαιῶν

377 583 499 670 Τρώων,
515 590 544 646 οἳ
557 585 672 649 ναίουσι
688 583 771 648 κατά
789 585 909 663 πτόλιν,
924 584 992 646 ἀλλ’
1012 583 1163 669 ἐπίκουροι

377 696 518 757 πολλέων
533 697 568 758 ἐκ
582 696 698 758 πολίων
714 696 900 781 ἐγχέσπαλοι
916 686 1019 778 ἄνδρες
1034 697 1126 776 ἔασιν,

377 805 408 866 οἵ
419 825 456 890 με
471 808 552 892 μέγα
566 796 714 880 πλάζουσι
730 805 782 867 καὶ
797 809 852 867 ούκ
867 803 943 867 εἰῶσ’
964 803 1110 866 ἐθέλοντα

373 913 469 976 ’ίλίου
486 916 629 1002 ἐκπέρσαι
643 915 834 1002 εύναιύμενον
848 912 1032 1000 πτολίεθρον.

291 1025 384 1085 Vides
398 1028 496 1105 igitur,
512 1027 768 1104 Agamemnonem
784 1048 900 1108 quoque
915 1045 1043 1100 censere,
1054 1025 1198 1085 Troianos
1209 1023 1294 1083 sooiie

226 1157 285 1195 non
304 1134 515 1195 adiuvantibus
536 1137 638 1196 urbem
660 1135 792 1197 tamdiu
816 1137 942 1196 retinere
964 1157 1024 1195 non
1044 1135 1181 1215 potuisse.
1227 1133 1294 1208 Quo

225 1246 407 1318 factumest,
431 1255 462 1305 ut
477 1247 672 1306 Troianorum
692 1247 761 1306 eoeii
781 1246 837 1326 ipsi
857 1265 1018 1325 numquam
1039 1243 1291 1317 obliviscerentur,

226 1354 297 1433 quid
328 1354 383 1413 sibi
407 1356 531 1415 Troiani
561 1356 716 1417 deberent:
755 1355 797 1414 illi
830 1357 908 1415 enim
938 1375 990 1414 suo
1018 1357 1082 1414 iure
1108 1375 1128 1412 a
1156 1354 1294 1413 'Ptoianie

226 1465 462 1542 postulaverunt,
504 1475 537 1524 ut
573 1467 685 1526 auxilio
716 1467 879 1526 venirent..
920 1463 1012 1525 Cuius
1048 1465 1092 1524 rei
1125 1462 1294 1543 exemplum

175 1637 179 1646 ,
227 1575 251 1632 εἰ
266 1575 349 1653 petie,
372 1574 554 1634 afferendum
570 1586 622 1649 eet,
642 1573 790 1636 Glaucum
810 1573 981 1655 Sarpedone
1003 1575 1098 1634 occiso
1113 1573 1294 1633 ab‘Heotore

227 1685 360 1762 petiisse,
389 1693 422 1742 ut
448 1683 485 1744 ad
511 1706 615 1764 corpus
635 1685 816 1764 Sarpedonis
838 1683 1015 1744 servandum
1040 1684 1151 1743 auxilio
1171 1683 1292 1742 veniret.

228 1793 274 1852 Of.
289 1790 321 1856 Π
338 1796 400 1853 538
415 1815 469 1874 sqq

375 1898 493 1986 Ἕκτορ
510 1907 561 1962 νῦν
578 1894 615 1970 δὴ
632 1903 733 1989 πάγχυ
747 1905 934 1987 λελασμένος
948 1897 988 1974 εἷς
1002 1901 1178 1986 ἐπικούρων,

382 2015 410 2072 οἳ
423 2009 509 2072 σέθεν
525 2010 623 2072 εἵνεκα
637 2014 716 2081 τῆλε
730 2010 825 2096 φίλων
841 2012 893 2074 καὶ
907 2001 1053 2098 πατρίδος
1068 2015 1133 2084 αίης

379 2119 472 2204 θυμὸν
487 2119 726 2205 ἀποφθινύθουσι·
742 2122 777 2183 σὺ
793 2117 819 2183 θ’
840 2125 895 2184 οὐκ
910 2120 1019 2194 ἐθέλεις
1035 2120 1204 2206 ἐπαμύνειν.

380 2240 480 2292 κεῖται
495 2223 669 2314 Σαρπηδών
685 2233 754 2293 κτλ.

291 2376 477 2455 Quamquam
491 2375 710 2435 eoncedendum
722 2384 774 2448 est,
790 2376 993 2456 Sarpedonem
1008 2379 1039 2437 in
1054 2377 1156 2456 primis
1171 2374 1295 2435 ducibus

228 2509 246 2545 a
260 2488 455 2546 Troianorum
470 2487 602 2564 partibus
617 2485 763 2546 stantibus
778 2487 994 2547 numerandum
1015 2507 1087 2548 esee.
1132 2488 1193 2546 Hie
1215 2489 1295 2546 enirn

228 2599 274 2655 vir
288 2597 384 2675 qualis
398 2597 488 2654 fuerit
502 2597 576 2655 haec
590 2595 682 2656 verba
696 2606 842 2656 testantur
861 2617 938 2676 quae
960 2594 992 2656 Π
1008 2600 1069 2656 548
1087 2617 1141 2676 sqq
1155 2598 1296 2675 leguntur

509 2727 615 2813 Τρῶας
631 2720 665 2791 δὲ
680 2729 763 2791 κατά
779 2727 884 2814 κρῆθεν
899 2730 975 2809 λάβε
989 2727 1094 2801 πένθος

381 2836 520 2925 ἀσγετον,
536 2841 591 2901 ούκ
606 2839 765 2917 ἐπιεικτόν,
781 2837 846 2901 ἐπεί
861 2859 958 2924 σρισιν
973 2838 1050 2926 ἕρμα
1066 2839 1179 2912 πύληος

380 2952 450 3010 ἔσκε
464 2949 516 3010 καὶ
531 2940 709 3022 ἀλλοδαπός
724 2971 777 3035 περ
794 2949 869 3011 ἐών·
884 2952 991 3022 πολέες
1005 2949 1063 3036 γὰρ
1081 2942 1129 3036 ἀμ’
1151 2953 1237 3030 αὐτῷ

377 3059 449 3121 λαοὶ
463 3058 578 3142 ἕποντ’,
595 3061 626 3121 ἐν
642 3051 668 3119 θ’
688 3059 780 3131 αύτύς
796 3057 987 3144 ἀριστεύεσκε
1002 3057 1157 3144 μάχεσθαι.

292 3195 393 3270 Quid?
413 3197 548 3275 potuitne
568 3195 733 3276 Sarpedoni
753 3198 846 3254 maior
867 3197 960 3254 honor
974 3196 1065 3256 tribui
1080 3217 1170 3277 quam
1185 3198 1235 3277 qui
1249 3199 1295 3258 his

227 3306 360 3368 versibus
381 3305 542 3366 tribuitur?
586 3305 707 3380 Quanta
729 3305 909 3379 fortitudine,
932 3327 990 3386 quo
1010 3308 1109 3367 animo
1123 3307 1296 3386 peregrinus

227 3416 277 3474 ille
292 3416 381 3475 fuisse
396 3415 527 3487 videtur,
549 3419 599 3496 qui
619 3411 696 3501 ἕρμα
718 3414 832 3487 πόληος
846 3415 1069 3496 appellabatur!
1113 3415 1202 3476 Adde
1217 3415 1296 3495 quod
1380 3419 1384 3429 ’

227 3525 359 3585 Glaucus
376 3522 400 3583 P
418 3528 478 3586 150
494 3547 548 3606 sqq
562 3525 599 3585 de
615 3526 718 3586 eodem
735 3525 907 3604 Sarpedone
921 3527 995 3584 haee
1010 3525 1095 3584 dicits

508 3659 574 3722 ἐπεὶ
590 3650 761 3743 Σαρπηδόν’
781 3657 847 3742 ἅμα
862 3648 957 3730 ξεῖνον
973 3659 1026 3720 καὶ
1041 3661 1160 3743 ἑταῖρον

380 3769 525 3842 κάλλιπες
536 3766 718 3854 Ἀργείοισιν
734 3767 812 3853 ἑλωρ
830 3767 882 3830 καὶ
896 3767 996 3852 κύρμα
1010 3767 1156 3855 γενέσθαι,

381 3877 412 3951 ὅς
428 3901 477 3940 τοι
491 3878 579 3942 πόλλ’
599 3877 707 3963 ὄφελος
721 3883 837 3965 γένετο,
853 3878 965 3941 πτόλεί
975 3899 1011 3940 τε
1026 3878 1077 3940 καὶ
1093 3881 1178 3961 αύτῷ

380 3980 456 4063 ζωὸς
471 3989 535 4050 ίοίν·
