<?xml version="1.0" encoding="UTF-8"?>
<!DOCTYPE html PUBLIC "-//W3C//DTD XHTML 1.0 Transitional//EN"
    "http://www.w3.org/TR/xhtml1/DTD/xhtml1-transitional.dtd">
<html xmlns="http://www.w3.org/1999/xhtml" xml:lang="en" lang="en">
 <head>
  <title>
</title>
<meta http-equiv="Content-Type" content="text/html;charset=utf-8" />
  <meta name='ocr-system' content='tesseract 3.04.00' />
  <meta name='ocr-capabilities' content='ocr_page ocr_carea ocr_par ocr_line ocrx_word'/>
</head>
<body>
  <div class='ocr_page' id='page_1' title='image "./devestigiisiuri00sorggoog_0035.png"; bbox 0 0 3176 4898; ppageno 0'>
   <div class='ocr_carea' id='block_1_1' title="bbox 740 317 933 410">
    <p class='ocr_par' dir='ltr' id='par_1_1' title="bbox 740 317 933 410">
     <span class='ocr_line' id='line_1_1' title="bbox 740 317 933 410; baseline 0 -31"><span class='ocrx_word' id='word_1_1' title='bbox 740 317 933 410; x_wconf 45' lang='lat' dir='ltr'>Q</span> 
     </span>
    </p>
   </div>
   <div class='ocr_carea' id='block_1_2' title="bbox 304 479 1376 1788">
    <p class='ocr_par' dir='ltr' id='par_1_2' title="bbox 454 479 1288 792">
     <span class='ocr_line' id='line_1_2' title="bbox 456 479 1288 590; baseline 0.002 -28"><span class='ocrx_word' id='word_1_2' title='bbox 456 495 531 583; x_wconf 74' lang='grc' dir='ltr'>αἶψα</span> <span class='ocrx_word' id='word_1_3' title='bbox 546 479 615 585; x_wconf 80' lang='grc' dir='ltr'>μάλ’</span> <span class='ocrx_word' id='word_1_4' title='bbox 636 500 813 588; x_wconf 84' lang='grc' dir='ltr'><strong>Αἰγυπτίων</strong></span> <span class='ocrx_word' id='word_1_5' title='bbox 829 494 948 586; x_wconf 74' lang='grc' dir='ltr'>ἀνδρῶν</span> <span class='ocrx_word' id='word_1_6' title='bbox 963 501 1163 586; x_wconf 81' lang='grc' dir='ltr'>περικαλλέας</span> <span class='ocrx_word' id='word_1_7' title='bbox 1177 503 1288 590; x_wconf 81' lang='grc' dir='ltr'>ἀγρούς</span> 
     </span>
     <span class='ocr_line' id='line_1_3' title="bbox 454 603 1227 699; baseline 0.001 -26"><span class='ocrx_word' id='word_1_8' title='bbox 454 608 588 694; x_wconf 77' lang='grc' dir='ltr'>πόρθεον,</span> <span class='ocrx_word' id='word_1_9' title='bbox 604 612 639 673; x_wconf 79' lang='grc' dir='ltr'>ἐκ</span> <span class='ocrx_word' id='word_1_10' title='bbox 654 603 688 674; x_wconf 83' lang='grc' dir='ltr'>δὲ</span> <span class='ocrx_word' id='word_1_11' title='bbox 703 621 847 697; x_wconf 81' lang='grc' dir='ltr'>γυναῖκας</span> <span class='ocrx_word' id='word_1_12' title='bbox 864 611 940 699; x_wconf 78' lang='grc' dir='ltr'>ἄγον</span> <span class='ocrx_word' id='word_1_13' title='bbox 955 610 1007 674; x_wconf 88' lang='grc' dir='ltr'>καὶ</span> <span class='ocrx_word' id='word_1_14' title='bbox 1022 610 1115 681; x_wconf 69' lang='grc' dir='ltr'>νήπια</span> <span class='ocrx_word' id='word_1_15' title='bbox 1129 611 1227 674; x_wconf 87' lang='grc' dir='ltr'>τέκνα</span> 
     </span>
     <span class='ocr_line' id='line_1_4' title="bbox 456 717 771 792; baseline 0.006 -12"><span class='ocrx_word' id='word_1_16' title='bbox 456 717 567 792; x_wconf 80' lang='grc' dir='ltr'>αὐτούς</span> <span class='ocrx_word' id='word_1_17' title='bbox 580 719 605 782; x_wconf 85' lang='grc' dir='ltr'>τ’</span> <span class='ocrx_word' id='word_1_18' title='bbox 627 723 771 783; x_wconf 84' lang='grc' dir='ltr'>ἔκτεινον·</span> 
     </span>
    </p>

    <p class='ocr_par' dir='ltr' id='par_1_3' title="bbox 304 832 1376 1241">
     <span class='ocr_line' id='line_1_5' title="bbox 368 832 1375 912; baseline 0.001 -21"><span class='ocrx_word' id='word_1_19' title='bbox 368 832 418 891; x_wconf 81' lang='lat' dir='ltr'>Ex</span> <span class='ocrx_word' id='word_1_20' title='bbox 431 832 477 890; x_wconf 88' lang='lat' dir='ltr'>his</span> <span class='ocrx_word' id='word_1_21' title='bbox 492 840 591 891; x_wconf 89' lang='lat' dir='ltr'>autem</span> <span class='ocrx_word' id='word_1_22' title='bbox 606 832 740 892; x_wconf 89' lang='lat' dir='ltr'>versibus</span> <span class='ocrx_word' id='word_1_23' title='bbox 761 841 893 912; x_wconf 86' lang='lat' dir='ltr'>apparet,</span> <span class='ocrx_word' id='word_1_24' title='bbox 913 834 992 893; x_wconf 88' lang='lat' dir='ltr'>viros</span> <span class='ocrx_word' id='word_1_25' title='bbox 1007 833 1080 892; x_wconf 88' lang='lat' dir='ltr'>urbe</span> <span class='ocrx_word' id='word_1_26' title='bbox 1095 842 1268 912; x_wconf 82' lang='lat' dir='ltr'>expugnata</span> <span class='ocrx_word' id='word_1_27' title='bbox 1288 853 1375 893; x_wconf 88' lang='lat' dir='ltr'>neca-</span> 
     </span>
     <span class='ocr_line' id='line_1_6' title="bbox 304 942 1375 1022; baseline 0 -21"><span class='ocrx_word' id='word_1_28' title='bbox 304 951 358 1018; x_wconf 87' lang='lat' dir='ltr'>tos,</span> <span class='ocrx_word' id='word_1_29' title='bbox 373 942 498 1002; x_wconf 86' lang='lat' dir='ltr'>feminas</span> <span class='ocrx_word' id='word_1_30' title='bbox 514 950 613 1000; x_wconf 89' lang='lat' dir='ltr'>autem</span> <span class='ocrx_word' id='word_1_31' title='bbox 629 951 730 1021; x_wconf 87' lang='lat' dir='ltr'>captas</span> <span class='ocrx_word' id='word_1_32' title='bbox 744 961 814 1002; x_wconf 90' lang='lat' dir='ltr'>esse.</span> <span class='ocrx_word' id='word_1_33' title='bbox 859 943 937 1002; x_wconf 92' lang='lat' dir='ltr'>Illae</span> <span class='ocrx_word' id='word_1_34' title='bbox 957 953 1057 1004; x_wconf 89' lang='lat' dir='ltr'>autem</span> <span class='ocrx_word' id='word_1_35' title='bbox 1078 944 1207 1004; x_wconf 89' lang='lat' dir='ltr'>feminae</span> <span class='ocrx_word' id='word_1_36' title='bbox 1222 951 1327 1022; x_wconf 86' lang='lat' dir='ltr'>captae</span> <span class='ocrx_word' id='word_1_37' title='bbox 1342 944 1375 1002; x_wconf 91' lang='lat' dir='ltr'>in</span> 
     </span>
     <span class='ocr_line' id='line_1_7' title="bbox 305 1050 1376 1132; baseline -0.001 -20"><span class='ocrx_word' id='word_1_38' title='bbox 305 1053 475 1112; x_wconf 87' lang='lat' dir='ltr'>servitutem</span> <span class='ocrx_word' id='word_1_39' title='bbox 489 1050 628 1110; x_wconf 89' lang='lat' dir='ltr'>redactae</span> <span class='ocrx_word' id='word_1_40' title='bbox 643 1060 726 1111; x_wconf 85' lang='lat' dir='ltr'>sunt:</span> <span class='ocrx_word' id='word_1_41' title='bbox 750 1053 832 1111; x_wconf 91' lang='lat' dir='ltr'>cuius</span> <span class='ocrx_word' id='word_1_42' title='bbox 853 1054 895 1112; x_wconf 89' lang='lat' dir='ltr'>rei</span> <span class='ocrx_word' id='word_1_43' title='bbox 917 1051 1093 1112; x_wconf 86' lang='lat' dir='ltr'>documento</span> <span class='ocrx_word' id='word_1_44' title='bbox 1108 1054 1167 1113; x_wconf 86' lang='lat' dir='ltr'>sint</span> <span class='ocrx_word' id='word_1_45' title='bbox 1182 1051 1283 1126; x_wconf 83' lang='lat' dir='ltr'>verba,</span> <span class='ocrx_word' id='word_1_46' title='bbox 1299 1072 1376 1132; x_wconf 89' lang='lat' dir='ltr'>quae</span> 
     </span>
     <span class='ocr_line' id='line_1_8' title="bbox 308 1149 722 1241; baseline -0.007 -21"><span class='ocrx_word' id='word_1_47' title='bbox 308 1157 334 1220; x_wconf 86' lang='grc' dir='ltr'>Σ</span> <span class='ocrx_word' id='word_1_48' title='bbox 350 1164 390 1220; x_wconf 82' lang='lat'>28</span> <span class='ocrx_word' id='word_1_49' title='bbox 406 1182 440 1241; x_wconf 91' lang='lat' dir='ltr'>sq</span> <span class='ocrx_word' id='word_1_50' title='bbox 454 1160 610 1238; x_wconf 86' lang='lat' dir='ltr'>leguntur:</span> <span class='ocrx_word' id='word_1_51' title='bbox 720 1149 722 1151; x_wconf 30' lang='lat'>⁵</span> 
     </span>
    </p>

    <p class='ocr_par' dir='ltr' id='par_1_4' title="bbox 457 1260 1235 1465">
     <span class='ocr_line' id='line_1_9' title="bbox 457 1260 1235 1354; baseline 0.005 -26"><span class='ocrx_word' id='word_1_52' title='bbox 457 1260 559 1354; x_wconf 76' lang='grc' dir='ltr'>δμωαὶ</span> <span class='ocrx_word' id='word_1_53' title='bbox 574 1260 613 1345; x_wconf 79' lang='grc' dir='ltr'>δ’,</span> <span class='ocrx_word' id='word_1_54' title='bbox 630 1266 665 1341; x_wconf 80' lang='grc' dir='ltr'>ἅς</span> <span class='ocrx_word' id='word_1_55' title='bbox 676 1264 815 1353; x_wconf 85' lang='grc' dir='ltr'>Ἀχιλεὺς</span> <span class='ocrx_word' id='word_1_56' title='bbox 828 1269 978 1340; x_wconf 83' lang='grc' dir='ltr'>ληίσσατο</span> <span class='ocrx_word' id='word_1_57' title='bbox 994 1267 1177 1354; x_wconf 81' lang='grc' dir='ltr'>Πάτροκλός</span> <span class='ocrx_word' id='word_1_58' title='bbox 1190 1290 1235 1345; x_wconf 83' lang='grc' dir='ltr'>τε,</span> 
     </span>
     <span class='ocr_line' id='line_1_10' title="bbox 457 1372 1064 1465; baseline 0.008 -28"><span class='ocrx_word' id='word_1_59' title='bbox 457 1372 550 1462; x_wconf 77' lang='grc' dir='ltr'>θυμὸν</span> <span class='ocrx_word' id='word_1_60' title='bbox 568 1375 754 1462; x_wconf 79' lang='grc' dir='ltr'>ἀκηχέμεναι</span> <span class='ocrx_word' id='word_1_61' title='bbox 768 1377 875 1465; x_wconf 77' lang='grc' dir='ltr'>μεγάλ’</span> <span class='ocrx_word' id='word_1_62' title='bbox 895 1381 980 1464; x_wconf 82' lang='grc' dir='ltr'>ἴαχον</span> <span class='ocrx_word' id='word_1_63' title='bbox 995 1382 1064 1444; x_wconf 88' lang='grc' dir='ltr'>κτλ.</span> 
     </span>
    </p>

    <p class='ocr_par' dir='ltr' id='par_1_5' title="bbox 306 1488 1376 1788">
     <span class='ocr_line' id='line_1_11' title="bbox 371 1488 1376 1568; baseline 0.001 -19"><span class='ocrx_word' id='word_1_64' title='bbox 371 1488 447 1550; x_wconf 82' lang='lat' dir='ltr'>Gum</span> <span class='ocrx_word' id='word_1_65' title='bbox 461 1489 552 1566; x_wconf 85' lang='lat' dir='ltr'>igitur</span> <span class='ocrx_word' id='word_1_66' title='bbox 565 1489 622 1548; x_wconf 89' lang='lat' dir='ltr'>hae</span> <span class='ocrx_word' id='word_1_67' title='bbox 643 1497 740 1548; x_wconf 88' lang='lat' dir='ltr'>essent</span> <span class='ocrx_word' id='word_1_68' title='bbox 760 1509 866 1550; x_wconf 85' lang='lat' dir='ltr'>causae</span> <span class='ocrx_word' id='word_1_69' title='bbox 888 1490 1032 1550; x_wconf 92' lang='lat' dir='ltr'>bellorum</span> <span class='ocrx_word' id='word_1_70' title='bbox 1052 1489 1249 1568; x_wconf 83' lang='lat' dir='ltr'>gerendorum</span> <span class='ocrx_word' id='word_1_71' title='bbox 1263 1525 1303 1534; x_wconf 89' lang='lat'>—</span> <span class='ocrx_word' id='word_1_72' title='bbox 1320 1511 1376 1550; x_wconf 87' lang='lat' dir='ltr'>nec</span> 
     </span>
     <span class='ocr_line' id='line_1_12' title="bbox 306 1599 1376 1680; baseline -0.001 -21"><span class='ocrx_word' id='word_1_73' title='bbox 306 1601 422 1660; x_wconf 87' lang='lat' dir='ltr'>silentio</span> <span class='ocrx_word' id='word_1_74' title='bbox 437 1601 677 1678; x_wconf 81' lang='lat' dir='ltr'>praetermittam,</span> <span class='ocrx_word' id='word_1_75' title='bbox 699 1600 810 1659; x_wconf 87' lang='lat' dir='ltr'>bellum</span> <span class='ocrx_word' id='word_1_76' title='bbox 826 1600 905 1680; x_wconf 87' lang='lat' dir='ltr'>quod</span> <span class='ocrx_word' id='word_1_77' title='bbox 928 1600 1035 1660; x_wconf 87' lang='lat' dir='ltr'>dicitur</span> <span class='ocrx_word' id='word_1_78' title='bbox 1049 1601 1212 1659; x_wconf 84' lang='lat' dir='ltr'>Troianum</span> <span class='ocrx_word' id='word_1_79' title='bbox 1236 1599 1273 1659; x_wconf 92' lang='lat' dir='ltr'>ob</span> <span class='ocrx_word' id='word_1_80' title='bbox 1293 1601 1376 1659; x_wconf 90' lang='lat' dir='ltr'>femi·</span> 
     </span>
     <span class='ocr_line' id='line_1_13' title="bbox 306 1709 1376 1788; baseline -0.002 -18"><span class='ocrx_word' id='word_1_81' title='bbox 306 1732 376 1770; x_wconf 85' lang='lat' dir='ltr'>nam</span> <span class='ocrx_word' id='word_1_82' title='bbox 391 1718 507 1788; x_wconf 85' lang='lat' dir='ltr'><strong>raptam</strong></span> <span class='ocrx_word' id='word_1_83' title='bbox 521 1717 638 1786; x_wconf 84' lang='lat' dir='ltr'>gestum</span> <span class='ocrx_word' id='word_1_84' title='bbox 662 1729 724 1769; x_wconf 86' lang='lat' dir='ltr'>esse</span> <span class='ocrx_word' id='word_1_85' title='bbox 744 1743 785 1752; x_wconf 90' lang='lat'><em>-</em></span> <span class='ocrx_word' id='word_1_86' title='bbox 805 1731 864 1768; x_wconf 91' lang='lat' dir='ltr'>non</span> <span class='ocrx_word' id='word_1_87' title='bbox 887 1709 1058 1770; x_wconf 79' lang='lat' dir='ltr'>incredibile</span> <span class='ocrx_word' id='word_1_88' title='bbox 1081 1729 1144 1769; x_wconf 88' lang='lat' dir='ltr'>essa</span> <span class='ocrx_word' id='word_1_89' title='bbox 1162 1709 1290 1784; x_wconf 87' lang='lat' dir='ltr'>videtur,</span> <span class='ocrx_word' id='word_1_90' title='bbox 1312 1717 1376 1768; x_wconf 91' lang='lat' dir='ltr'>tum</span> 
     </span>
    </p>
   </div>
   <div class='ocr_carea' id='block_1_3' title="bbox 309 1798 1377 1898">
    <p class='ocr_par' dir='ltr' id='par_1_6' title="bbox 309 1798 1377 1898">
     <span class='ocr_line' id='line_1_14' title="bbox 309 1798 1377 1898; baseline -0.001 -19"><span class='ocrx_word' id='word_1_91' title='bbox 309 1820 389 1881; x_wconf 90' lang='lat' dir='ltr'>bella</span> <span class='ocrx_word' id='word_1_92' title='bbox 404 1819 607 1879; x_wconf 89' lang='lat' dir='ltr'>cruentissima</span> <span class='ocrx_word' id='word_1_93' title='bbox 621 1798 711 1878; x_wconf 80' lang='lat' dir='ltr'>liiisse</span> <span class='ocrx_word' id='word_1_94' title='bbox 727 1821 882 1898; x_wconf 84' lang='lat' dir='ltr'>omniaque</span> <span class='ocrx_word' id='word_1_95' title='bbox 897 1820 1024 1898; x_wconf 85' lang='lat' dir='ltr'>vestigia</span> <span class='ocrx_word' id='word_1_96' title='bbox 1039 1821 1110 1878; x_wconf 89' lang='lat' dir='ltr'>iuris</span> <span class='ocrx_word' id='word_1_97' title='bbox 1130 1820 1264 1897; x_wconf 84' lang='lat' dir='ltr'>gentium</span> <span class='ocrx_word' id='word_1_98' title='bbox 1279 1818 1377 1878; x_wconf 86' lang='lat' dir='ltr'>deleta</span> 
     </span>
    </p>
   </div>
   <div class='ocr_carea' id='block_1_4' title="bbox 309 1928 1384 4100">
    <p class='ocr_par' dir='ltr' id='par_1_7' title="bbox 309 1928 1381 3107">
     <span class='ocr_line' id='line_1_15' title="bbox 309 1928 1377 2007; baseline -0.004 -17"><span class='ocrx_word' id='word_1_99' title='bbox 309 1949 381 1990; x_wconf 87' lang='lat' dir='ltr'>esse.</span> <span class='ocrx_word' id='word_1_100' title='bbox 426 1928 487 1990; x_wconf 81' lang='lat' dir='ltr'>sed</span> <span class='ocrx_word' id='word_1_101' title='bbox 502 1950 568 1988; x_wconf 89' lang='lat' dir='ltr'>cum</span> <span class='ocrx_word' id='word_1_102' title='bbox 587 1948 633 1988; x_wconf 89' lang='lat' dir='ltr'>res</span> <span class='ocrx_word' id='word_1_103' title='bbox 655 1930 819 1988; x_wconf 81' lang='lat' dir='ltr'>accuratius</span> <span class='ocrx_word' id='word_1_104' title='bbox 840 1930 1080 2007; x_wconf 85' lang='lat' dir='ltr'>contemplemur,</span> <span class='ocrx_word' id='word_1_105' title='bbox 1101 1929 1291 1989; x_wconf 86' lang='lat' dir='ltr'>manifestum</span> <span class='ocrx_word' id='word_1_106' title='bbox 1313 1929 1377 1998; x_wconf 89' lang='lat' dir='ltr'>erit,</span> 
     </span>
     <span class='ocr_line' id='line_1_16' title="bbox 309 2036 1376 2117; baseline -0.003 -18"><span class='ocrx_word' id='word_1_107' title='bbox 309 2042 369 2106; x_wconf 89' lang='lat' dir='ltr'>iam</span> <span class='ocrx_word' id='word_1_108' title='bbox 382 2046 446 2098; x_wconf 91' lang='lat' dir='ltr'>tum</span> <span class='ocrx_word' id='word_1_109' title='bbox 460 2040 593 2098; x_wconf 90' lang='lat' dir='ltr'>homines</span> <span class='ocrx_word' id='word_1_110' title='bbox 608 2036 775 2097; x_wconf 88' lang='lat' dir='ltr'>hominibus</span> <span class='ocrx_word' id='word_1_111' title='bbox 790 2039 819 2097; x_wconf 92' lang='lat' dir='ltr'>in</span> <span class='ocrx_word' id='word_1_112' title='bbox 835 2039 899 2117; x_wconf 87' lang='lat' dir='ltr'>ipsa</span> <span class='ocrx_word' id='word_1_113' title='bbox 914 2040 977 2098; x_wconf 87' lang='lat' dir='ltr'>acie</span> <span class='ocrx_word' id='word_1_114' title='bbox 991 2039 1170 2116; x_wconf 86' lang='lat' dir='ltr'>pepercisse:</span> <span class='ocrx_word' id='word_1_115' title='bbox 1194 2039 1277 2096; x_wconf 89' lang='lat' dir='ltr'>cuius</span> <span class='ocrx_word' id='word_1_116' title='bbox 1288 2039 1376 2096; x_wconf 92' lang='lat' dir='ltr'>moris</span> 
     </span>
     <span class='ocr_line' id='line_1_17' title="bbox 310 2147 1379 2228; baseline -0.003 -18"><span class='ocrx_word' id='word_1_117' title='bbox 310 2150 447 2228; x_wconf 83' lang='lat' dir='ltr'>exempla</span> <span class='ocrx_word' id='word_1_118' title='bbox 466 2150 560 2208; x_wconf 89' lang='lat' dir='ltr'>multa</span> <span class='ocrx_word' id='word_1_119' title='bbox 581 2150 612 2208; x_wconf 89' lang='lat' dir='ltr'>in</span> <span class='ocrx_word' id='word_1_120' title='bbox 639 2147 817 2207; x_wconf 84' lang='lat' dir='ltr'>carminibus</span> <span class='ocrx_word' id='word_1_121' title='bbox 843 2149 998 2208; x_wconf 86' lang='lat' dir='ltr'>homericis</span> <span class='ocrx_word' id='word_1_122' title='bbox 1023 2149 1224 2208; x_wconf 84' lang='lat' dir='ltr'>inveniuntur.</span> <span class='ocrx_word' id='word_1_123' title='bbox 1272 2149 1379 2227; x_wconf 89' lang='lat' dir='ltr'>Neque</span> 
     </span>
     <span class='ocr_line' id='line_1_18' title="bbox 310 2257 1378 2338; baseline -0.004 -18"><span class='ocrx_word' id='word_1_124' title='bbox 310 2262 389 2320; x_wconf 92' lang='lat' dir='ltr'>enim</span> <span class='ocrx_word' id='word_1_125' title='bbox 404 2260 498 2318; x_wconf 90' lang='lat' dir='ltr'>solum</span> <span class='ocrx_word' id='word_1_126' title='bbox 512 2278 592 2318; x_wconf 90' lang='lat' dir='ltr'>more</span> <span class='ocrx_word' id='word_1_127' title='bbox 606 2266 757 2338; x_wconf 87' lang='lat' dir='ltr'>receptum</span> <span class='ocrx_word' id='word_1_128' title='bbox 773 2266 843 2332; x_wconf 85' lang='lat' dir='ltr'>erat,</span> <span class='ocrx_word' id='word_1_129' title='bbox 865 2266 899 2316; x_wconf 90' lang='lat' dir='ltr'>ut</span> <span class='ocrx_word' id='word_1_130' title='bbox 921 2259 1028 2317; x_wconf 89' lang='lat' dir='ltr'>milites</span> <span class='ocrx_word' id='word_1_131' title='bbox 1048 2258 1110 2317; x_wconf 84' lang='lat' dir='ltr'>vivi</span> <span class='ocrx_word' id='word_1_132' title='bbox 1132 2266 1308 2337; x_wconf 83' lang='lat' dir='ltr'>caperentur</span> <span class='ocrx_word' id='word_1_133' title='bbox 1326 2257 1378 2316; x_wconf 88' lang='lat' dir='ltr'>sed</span> 
     </span>
     <span class='ocr_line' id='line_1_19' title="bbox 311 2355 1379 2447; baseline -0.005 -17"><span class='ocrx_word' id='word_1_134' title='bbox 311 2371 399 2430; x_wconf 85' lang='lat' dir='ltr'>etiam</span> <span class='ocrx_word' id='word_1_135' title='bbox 428 2355 649 2429; x_wconf 84' lang='lat' dir='ltr'>interfectorum</span> <span class='ocrx_word' id='word_1_136' title='bbox 679 2388 801 2447; x_wconf 90' lang='lat' dir='ltr'>corpora</span> <span class='ocrx_word' id='word_1_137' title='bbox 830 2367 869 2426; x_wconf 88' lang='lat' dir='ltr'>ad</span> <span class='ocrx_word' id='word_1_138' title='bbox 898 2366 1100 2447; x_wconf 88' lang='lat' dir='ltr'>sepeliendum</span> <span class='ocrx_word' id='word_1_139' title='bbox 1129 2368 1257 2446; x_wconf 90' lang='lat' dir='ltr'>pecunia</span> <span class='ocrx_word' id='word_1_140' title='bbox 1282 2367 1379 2426; x_wconf 91' lang='lat' dir='ltr'>soluta</span> 
     </span>
     <span class='ocr_line' id='line_1_20' title="bbox 310 2476 1380 2557; baseline -0.004 -17"><span class='ocrx_word' id='word_1_141' title='bbox 310 2480 428 2541; x_wconf 88' lang='lat' dir='ltr'>reddita</span> <span class='ocrx_word' id='word_1_142' title='bbox 442 2487 519 2538; x_wconf 88' lang='lat' dir='ltr'>sunt.</span> <span class='ocrx_word' id='word_1_143' title='bbox 562 2477 647 2552; x_wconf 81' lang='lat' dir='ltr'>Quae</span> <span class='ocrx_word' id='word_1_144' title='bbox 661 2477 781 2557; x_wconf 89' lang='lat' dir='ltr'>quidem</span> <span class='ocrx_word' id='word_1_145' title='bbox 797 2479 943 2536; x_wconf 86' lang='lat' dir='ltr'>sententia</span> <span class='ocrx_word' id='word_1_146' title='bbox 958 2497 1132 2556; x_wconf 38' lang='lat' dir='ltr'>quamsvera</span> <span class='ocrx_word' id='word_1_147' title='bbox 1147 2477 1184 2535; x_wconf 90' lang='lat' dir='ltr'>sit</span> <span class='ocrx_word' id='word_1_148' title='bbox 1206 2476 1287 2536; x_wconf 89' lang='lat' dir='ltr'>haud</span> <span class='ocrx_word' id='word_1_149' title='bbox 1302 2476 1380 2536; x_wconf 85' lang='lat' dir='ltr'><strong>diffi-</strong></span> 
     </span>
     <span class='ocr_line' id='line_1_21' title="bbox 310 2586 1380 2667; baseline -0.006 -17"><span class='ocrx_word' id='word_1_150' title='bbox 310 2591 367 2650; x_wconf 91' lang='lat' dir='ltr'>cile</span> <span class='ocrx_word' id='word_1_151' title='bbox 389 2598 433 2649; x_wconf 90' lang='lat' dir='ltr'>est</span> <span class='ocrx_word' id='word_1_152' title='bbox 457 2588 666 2647; x_wconf 86' lang='lat' dir='ltr'>demonstratu.</span> <span class='ocrx_word' id='word_1_153' title='bbox 716 2587 762 2646; x_wconf 89' lang='lat' dir='ltr'>Ac</span> <span class='ocrx_word' id='word_1_154' title='bbox 788 2589 915 2667; x_wconf 91' lang='lat' dir='ltr'>primum</span> <span class='ocrx_word' id='word_1_155' title='bbox 937 2586 1058 2666; x_wconf 85' lang='lat' dir='ltr'>quidem</span> <span class='ocrx_word' id='word_1_156' title='bbox 1082 2587 1182 2645; x_wconf 91' lang='lat' dir='ltr'>multis</span> <span class='ocrx_word' id='word_1_157' title='bbox 1207 2586 1280 2645; x_wconf 88' lang='lat' dir='ltr'>locis</span> <span class='ocrx_word' id='word_1_158' title='bbox 1302 2587 1380 2646; x_wconf 88' lang='lat' dir='ltr'>servi</span> 
     </span>
     <span class='ocr_line' id='line_1_22' title="bbox 311 2695 1381 2777; baseline -0.005 -17"><span class='ocrx_word' id='word_1_159' title='bbox 311 2705 582 2771; x_wconf 85' lang='lat' dir='ltr'>commemorantur,</span> <span class='ocrx_word' id='word_1_160' title='bbox 598 2699 648 2776; x_wconf 92' lang='lat' dir='ltr'>qui</span> <span class='ocrx_word' id='word_1_161' title='bbox 663 2697 741 2758; x_wconf 91' lang='lat' dir='ltr'>bello</span> <span class='ocrx_word' id='word_1_162' title='bbox 757 2699 835 2777; x_wconf 88' lang='lat' dir='ltr'>capti</span> <span class='ocrx_word' id='word_1_163' title='bbox 851 2705 927 2757; x_wconf 90' lang='lat' dir='ltr'>sunt.</span> <span class='ocrx_word' id='word_1_164' title='bbox 958 2695 1057 2770; x_wconf 81' lang='lat' dir='ltr'>Quam</span> <span class='ocrx_word' id='word_1_165' title='bbox 1071 2716 1133 2756; x_wconf 88' lang='lat' dir='ltr'>rem</span> <span class='ocrx_word' id='word_1_166' title='bbox 1147 2695 1274 2754; x_wconf 87' lang='lat' dir='ltr'>Achillis</span> <span class='ocrx_word' id='word_1_167' title='bbox 1289 2695 1381 2756; x_wconf 87' lang='lat' dir='ltr'>verba</span> 
     </span>
     <span class='ocr_line' id='line_1_23' title="bbox 312 2803 852 2887; baseline -0.007 -17"><span class='ocrx_word' id='word_1_168' title='bbox 312 2818 465 2883; x_wconf 88' lang='lat' dir='ltr'>testantur,</span> <span class='ocrx_word' id='word_1_169' title='bbox 482 2827 557 2887; x_wconf 88' lang='lat' dir='ltr'>quae</span> <span class='ocrx_word' id='word_1_170' title='bbox 573 2803 605 2866; x_wconf 85' lang='grc' dir='ltr'>Φ</span> <span class='ocrx_word' id='word_1_171' title='bbox 624 2810 684 2867; x_wconf 80' lang='grc'>102</span> <span class='ocrx_word' id='word_1_172' title='bbox 700 2809 852 2886; x_wconf 83' lang='lat' dir='ltr'>leguntur:</span> 
     </span>
     <span class='ocr_line' id='line_1_24' title="bbox 411 2905 1099 2997; baseline -0.004 -21"><span class='ocrx_word' id='word_1_173' title='bbox 411 2905 413 2910; x_wconf 36' lang='lat'><strong><em>¹</em></strong></span> <span class='ocrx_word' id='word_1_174' title='bbox 464 2915 516 2977; x_wconf 80' lang='grc' dir='ltr'>καὶ</span> <span class='ocrx_word' id='word_1_175' title='bbox 531 2911 662 2988; x_wconf 82' lang='grc' dir='ltr'>πολλοὺς</span> <span class='ocrx_word' id='word_1_176' title='bbox 677 2906 772 2990; x_wconf 78' lang='grc' dir='ltr'>ζωοὺς</span> <span class='ocrx_word' id='word_1_177' title='bbox 786 2914 856 2977; x_wconf 84' lang='grc' dir='ltr'>ἕλον</span> <span class='ocrx_word' id='word_1_178' title='bbox 871 2905 917 2985; x_wconf 76' lang='grc' dir='ltr'>ἠδ’</span> <span class='ocrx_word' id='word_1_179' title='bbox 938 2911 1099 2997; x_wconf 82' lang='grc' dir='ltr'>ἐπέρασσα.</span> 
     </span>
     <span class='ocr_line' id='line_1_25' title="bbox 376 3020 1149 3107; baseline -0.004 -21"><span class='ocrx_word' id='word_1_180' title='bbox 376 3027 466 3088; x_wconf 79' lang='lat' dir='ltr'>Adde</span> <span class='ocrx_word' id='word_1_181' title='bbox 481 3029 561 3107; x_wconf 89' lang='lat' dir='ltr'>quod</span> <span class='ocrx_word' id='word_1_182' title='bbox 575 3028 702 3088; x_wconf 89' lang='lat' dir='ltr'>Hecuba</span> <span class='ocrx_word' id='word_1_183' title='bbox 717 3028 755 3088; x_wconf 88' lang='lat' dir='ltr'>de</span> <span class='ocrx_word' id='word_1_184' title='bbox 769 3027 888 3087; x_wconf 85' lang='lat' dir='ltr'>Achille</span> <span class='ocrx_word' id='word_1_185' title='bbox 903 3026 975 3085; x_wconf 89' lang='lat' dir='ltr'>dicit</span> <span class='ocrx_word' id='word_1_186' title='bbox 991 3020 1024 3084; x_wconf 90' lang='grc' dir='ltr'>Ω</span> <span class='ocrx_word' id='word_1_187' title='bbox 1042 3027 1100 3084; x_wconf 80' lang='grc'>751</span> <span class='ocrx_word' id='word_1_188' title='bbox 1115 3047 1149 3104; x_wconf 90' lang='lat' dir='ltr'>sq</span> 
     </span>
    </p>

    <p class='ocr_par' dir='ltr' id='par_1_8' title="bbox 466 3125 1331 3224">
     <span class='ocr_line' id='line_1_26' title="bbox 466 3125 1331 3224; baseline -0.003 -27"><span class='ocrx_word' id='word_1_189' title='bbox 466 3135 578 3210; x_wconf 83' lang='grc' dir='ltr'>ἄλλους</span> <span class='ocrx_word' id='word_1_190' title='bbox 593 3135 648 3221; x_wconf 84' lang='grc' dir='ltr'>μὲν</span> <span class='ocrx_word' id='word_1_191' title='bbox 663 3138 722 3224; x_wconf 70' lang='grc' dir='ltr'>γὰρ</span> <span class='ocrx_word' id='word_1_192' title='bbox 738 3129 850 3209; x_wconf 80' lang='grc' dir='ltr'>παῖδας</span> <span class='ocrx_word' id='word_1_193' title='bbox 865 3131 955 3219; x_wconf 80' lang='grc' dir='ltr'>ἐμοὺς</span> <span class='ocrx_word' id='word_1_194' title='bbox 969 3125 1066 3206; x_wconf 74' lang='grc' dir='ltr'>πόδας</span> <span class='ocrx_word' id='word_1_195' title='bbox 1081 3130 1160 3205; x_wconf 85' lang='grc' dir='ltr'>ὠκὺς</span> <span class='ocrx_word' id='word_1_196' title='bbox 1171 3131 1331 3219; x_wconf 55' lang='grc' dir='ltr'>’ῥχιλλεύς</span> 
     </span>
    </p>

    <p class='ocr_par' dir='ltr' id='par_1_9' title="bbox 466 3243 868 3332">
     <span class='ocr_line' id='line_1_27' title="bbox 466 3243 868 3332; baseline 0.005 -26"><span class='ocrx_word' id='word_1_197' title='bbox 466 3245 617 3332; x_wconf 82' lang='grc' dir='ltr'>πέρνασχ’,</span> <span class='ocrx_word' id='word_1_198' title='bbox 633 3247 735 3308; x_wconf 83' lang='grc' dir='ltr'>ὅντιν’</span> <span class='ocrx_word' id='word_1_199' title='bbox 755 3243 868 3308; x_wconf 84' lang='grc' dir='ltr'>ἕλεσκε.</span> 
     </span>
    </p>

    <p class='ocr_par' dir='ltr' id='par_1_10' title="bbox 317 3353 1384 4100">
     <span class='ocr_line' id='line_1_28' title="bbox 380 3353 1383 3451; baseline -0.002 -35"><span class='ocrx_word' id='word_1_200' title='bbox 380 3358 445 3417; x_wconf 87' lang='lat' dir='ltr'>Neo</span> <span class='ocrx_word' id='word_1_201' title='bbox 480 3377 551 3417; x_wconf 86' lang='lat' dir='ltr'>vero</span> <span class='ocrx_word' id='word_1_202' title='bbox 586 3360 754 3416; x_wconf 88' lang='lat' dir='ltr'>omittamus</span> <span class='ocrx_word' id='word_1_203' title='bbox 782 3359 814 3416; x_wconf 90' lang='lat' dir='ltr'>in</span> <span class='ocrx_word' id='word_1_204' title='bbox 848 3353 1037 3451; x_wconf 69' lang='lat' dir='ltr'>carminibus¹</span> <span class='ocrx_word' id='word_1_205' title='bbox 1055 3354 1208 3413; x_wconf 88' lang='lat' dir='ltr'>homericis</span> <span class='ocrx_word' id='word_1_206' title='bbox 1237 3375 1383 3433; x_wconf 83' lang='lat' dir='ltr'>nusquam</span> 
     </span>
     <span class='ocr_line' id='line_1_29' title="bbox 317 3455 1382 3548; baseline -0.005 -20"><span class='ocrx_word' id='word_1_207' title='bbox 317 3458 427 3528; x_wconf 79' lang='grc' dir='ltr'>δοῦλον</span> <span class='ocrx_word' id='word_1_208' title='bbox 443 3485 561 3526; x_wconf 86' lang='lat' dir='ltr'>servum</span> <span class='ocrx_word' id='word_1_209' title='bbox 580 3467 638 3526; x_wconf 89' lang='lat' dir='ltr'>dici</span> <span class='ocrx_word' id='word_1_210' title='bbox 659 3466 710 3526; x_wconf 90' lang='lat' dir='ltr'>sed</span> <span class='ocrx_word' id='word_1_211' title='bbox 733 3486 848 3545; x_wconf 89' lang='lat' dir='ltr'>semper</span> <span class='ocrx_word' id='word_1_212' title='bbox 873 3455 955 3548; x_wconf 81' lang='grc' dir='ltr'>δμῶς</span> <span class='ocrx_word' id='word_1_213' title='bbox 979 3483 1083 3526; x_wconf 83' lang='lat' dir='ltr'>vocem</span> <span class='ocrx_word' id='word_1_214' title='bbox 1107 3466 1257 3544; x_wconf 79' lang='lat' dir='ltr'>usurparit</span> <span class='ocrx_word' id='word_1_215' title='bbox 1290 3455 1382 3534; x_wconf 82' lang='grc' dir='ltr'>δούλη</span> 
     </span>
     <span class='ocr_line' id='line_1_30' title="bbox 318 3575 1384 3654; baseline -0.004 -17"><span class='ocrx_word' id='word_1_216' title='bbox 318 3587 417 3638; x_wconf 88' lang='lat' dir='ltr'>autem</span> <span class='ocrx_word' id='word_1_217' title='bbox 428 3597 488 3637; x_wconf 87' lang='lat' dir='ltr'>vox</span> <span class='ocrx_word' id='word_1_218' title='bbox 509 3579 596 3636; x_wconf 86' lang='lat' dir='ltr'>etiarn</span> <span class='ocrx_word' id='word_1_219' title='bbox 618 3578 650 3635; x_wconf 92' lang='lat' dir='ltr'>in</span> <span class='ocrx_word' id='word_1_220' title='bbox 674 3575 1029 3654; x_wconf 82' lang='lat' dir='ltr'>carminibushomericis</span> <span class='ocrx_word' id='word_1_221' title='bbox 1051 3575 1167 3652; x_wconf 83' lang='lat' dir='ltr'>legitur.</span> <span class='ocrx_word' id='word_1_222' title='bbox 1219 3575 1292 3634; x_wconf 81' lang='lat' dir='ltr'>Jam</span> <span class='ocrx_word' id='word_1_223' title='bbox 1313 3594 1384 3634; x_wconf 90' lang='lat' dir='ltr'>vero</span> 
     </span>
     <span class='ocr_line' id='line_1_31' title="bbox 318 3663 1384 3773; baseline -0.006 -25"><span class='ocrx_word' id='word_1_224' title='bbox 318 3709 385 3773; x_wconf 85' lang='lat' dir='ltr'>cum</span> <span class='ocrx_word' id='word_1_225' title='bbox 400 3695 522 3762; x_wconf 87' lang='lat' dir='ltr'>constet,</span> <span class='ocrx_word' id='word_1_226' title='bbox 538 3676 620 3770; x_wconf 77' lang='grc' dir='ltr'>δμῶς</span> <span class='ocrx_word' id='word_1_227' title='bbox 634 3706 738 3746; x_wconf 85' lang='lat' dir='ltr'>vocem</span> <span class='ocrx_word' id='word_1_228' title='bbox 753 3685 791 3745; x_wconf 88' lang='lat' dir='ltr'>ab</span> <span class='ocrx_word' id='word_1_229' title='bbox 808 3663 911 3745; x_wconf 63' lang='lat' dir='ltr'>etiem</span> <span class='ocrx_word' id='word_1_230' title='bbox 928 3684 1028 3744; x_wconf 85' lang='lat' dir='ltr'>radice</span> <span class='ocrx_word' id='word_1_231' title='bbox 1041 3674 1111 3766; x_wconf 77' lang='grc' dir='ltr'>Ιδαμ</span> <span class='ocrx_word' id='word_1_232' title='bbox 1126 3685 1268 3761; x_wconf 84' lang='lat' dir='ltr'>originem</span> <span class='ocrx_word' id='word_1_233' title='bbox 1283 3693 1384 3763; x_wconf 88' lang='lat' dir='ltr'>petere</span> 
     </span>
     <span class='ocr_line' id='line_1_32' title="bbox 318 3788 1382 3880; baseline -0.002 -24"><span class='ocrx_word' id='word_1_234' title='bbox 318 3819 377 3878; x_wconf 90' lang='lat' dir='ltr'>qua</span> <span class='ocrx_word' id='word_1_235' title='bbox 392 3788 503 3880; x_wconf 79' lang='grc' dir='ltr'>δαμάω</span> <span class='ocrx_word' id='word_1_236' title='bbox 525 3795 648 3855; x_wconf 90' lang='lat' dir='ltr'>verbum</span> <span class='ocrx_word' id='word_1_237' title='bbox 670 3795 820 3880; x_wconf 82' lang='lat' dir='ltr'>derivatur</span> <span class='ocrx_word' id='word_1_238' title='bbox 843 3792 892 3870; x_wconf 88' lang='lat' dir='ltr'>(cf.</span> <span class='ocrx_word' id='word_1_239' title='bbox 910 3794 1056 3868; x_wconf 72' lang='lat' dir='ltr'>Comma,</span> <span class='ocrx_word' id='word_1_240' title='bbox 1074 3793 1257 3872; x_wconf 78' lang='lat' dir='ltr'>Grundzfige</span> <span class='ocrx_word' id='word_1_241' title='bbox 1272 3793 1325 3854; x_wconf 88' lang='lat' dir='ltr'>der</span> <span class='ocrx_word' id='word_1_242' title='bbox 1338 3815 1382 3872; x_wconf 84' lang='lat' dir='ltr'>gr.</span> 
     </span>
     <span class='ocr_line' id='line_1_33' title="bbox 320 3902 1383 3988; baseline -0.003 -22"><span class='ocrx_word' id='word_1_243' title='bbox 320 3910 422 3988; x_wconf 85' lang='lat' dir='ltr'>Etym.</span> <span class='ocrx_word' id='word_1_244' title='bbox 438 3929 467 3988; x_wconf 91' lang='lat' dir='ltr'>p.</span> <span class='ocrx_word' id='word_1_245' title='bbox 487 3909 556 3980; x_wconf 83' lang='lat'>218,</span> <span class='ocrx_word' id='word_1_246' title='bbox 573 3906 890 3979; x_wconf 78' lang='lat' dir='ltr'>Buncrrsrnsonunrz,</span> <span class='ocrx_word' id='word_1_247' title='bbox 906 3905 1006 3966; x_wconf 83' lang='lat' dir='ltr'>Bssitr</span> <span class='ocrx_word' id='word_1_248' title='bbox 1025 3903 1087 3963; x_wconf 85' lang='lat' dir='ltr'>und</span> <span class='ocrx_word' id='word_1_249' title='bbox 1102 3903 1225 3964; x_wconf 86' lang='lat' dir='ltr'>Erwerb</span> <span class='ocrx_word' id='word_1_250' title='bbox 1249 3925 1278 3984; x_wconf 92' lang='lat' dir='ltr'>p.</span> <span class='ocrx_word' id='word_1_251' title='bbox 1308 3902 1383 3980; x_wconf 84' lang='lat'>104)</span> 
     </span>
     <span class='ocr_line' id='line_1_34' title="bbox 321 4006 1384 4100; baseline -0.005 -24"><span class='ocrx_word' id='word_1_252' title='bbox 321 4006 405 4100; x_wconf 76' lang='grc' dir='ltr'>δμῶς</span> <span class='ocrx_word' id='word_1_253' title='bbox 418 4038 477 4076; x_wconf 87' lang='lat' dir='ltr'>vox</span> <span class='ocrx_word' id='word_1_254' title='bbox 493 4017 579 4076; x_wconf 86' lang='lat' dir='ltr'>aliter</span> <span class='ocrx_word' id='word_1_255' title='bbox 594 4016 688 4093; x_wconf 84' lang='lat' dir='ltr'>accipi</span> <span class='ocrx_word' id='word_1_256' title='bbox 703 4034 762 4073; x_wconf 90' lang='lat' dir='ltr'>non</span> <span class='ocrx_word' id='word_1_257' title='bbox 785 4023 890 4094; x_wconf 88' lang='lat' dir='ltr'>potest,</span> <span class='ocrx_word' id='word_1_258' title='bbox 905 4016 962 4074; x_wconf 86' lang='lat' dir='ltr'>nisi</span> <span class='ocrx_word' id='word_1_259' title='bbox 984 4015 1026 4074; x_wconf 86' lang='lat' dir='ltr'>ita</span> <span class='ocrx_word' id='word_1_260' title='bbox 1041 4022 1074 4072; x_wconf 91' lang='lat' dir='ltr'>ut</span> <span class='ocrx_word' id='word_1_261' title='bbox 1096 4014 1207 4074; x_wconf 89' lang='lat' dir='ltr'>victum</span> <span class='ocrx_word' id='word_1_262' title='bbox 1230 4013 1384 4091; x_wconf 86' lang='lat' dir='ltr'>significet.</span> 
     </span>
    </p>
   </div>
   <div class='ocr_carea' id='block_1_5' title="bbox 364 4252 1083 4868">
    <p class='ocr_par' dir='ltr' id='par_1_11' title="bbox 10 4209 1083 4868">
     <span class='ocr_line' id='line_1_35' title="bbox 364 4252 1083 4868; baseline 0.028 -18.103"><span class='ocrx_word' id='word_1_263' title='bbox 364 4252 1083 4868; x_wconf 74' lang='lat' dir='ltr'>sss</span> 
     </span>
    </p>
   </div>
   <div class='ocr_carea' id='block_1_6' title="bbox 0 0 1606 4898">
    <p class='ocr_par' dir='ltr' id='par_1_12' title="bbox 0 0 1606 4898">
     <span class='ocr_line' id='line_1_36' title="bbox 0 0 1606 4898; baseline 0 0"><span class='ocrx_word' id='word_1_264' title='bbox 0 0 1606 4898; x_wconf 95' lang='lat' dir='ltr'> </span> 
     </span>
    </p>
   </div>
  </div>
 </body>
</html>
