3176 4898
627 329 762 393 *23

360 508 432 577 εὖτέ
447 536 485 600 με
499 511 609 576 τυτθὸν
626 516 719 578 ἐόντα
734 514 895 590 Μενοίτιος
909 507 943 590 ἐξ
955 514 1128 590 Ὀπόεντος

359 623 476 709 ἤγαγεν
491 614 662 710 ὑμέτερόνδ’
684 617 902 710 ἀνδροκτασίης
916 625 974 688 ὕπο
989 630 1110 714 λυγρῆς,

360 732 458 818 ῆματι
472 739 518 814 τῷ
533 731 586 797 ὅτε
601 725 699 797 παῖδα
714 734 905 798 κατέκτανον
920 729 1157 822 Αμριδάμαντος

361 841 475 924 νήπιος,
491 844 546 906 οὐκ
560 841 684 923 ἐθέλων,
699 845 770 931 ἀμφ’
791 842 1007 933 ἀστραγάλοισι
1021 845 1170 931 χολωθείς.

275 989 346 1049 Alia
371 1010 487 1069 quoque
517 991 653 1070 exempla
682 991 786 1051 afferre
814 991 937 1068 longum
957 1011 1020 1052 esse
1048 993 1121 1051 mihi
1145 992 1277 1052 videtur:

209 1100 247 1162 of.
263 1094 280 1177 ξ
296 1103 366 1174 379,
383 1121 399 1158 ο
415 1102 486 1158 224.
530 1099 639 1160 Nonne
662 1121 699 1160 ex
719 1101 755 1159 iis
774 1120 851 1179 quae
873 1102 959 1160 attuli
982 1102 1126 1180 exemplis
1145 1109 1278 1180 apparet,

209 1209 373 1268 homicidas
387 1211 420 1269 in
434 1210 556 1268 exilium
570 1211 667 1269 ivisse.
710 1208 799 1284 Quod
814 1211 838 1269 si
850 1214 1028 1290 quaerimus,
1044 1232 1096 1270 our
1111 1212 1142 1270 in
1156 1212 1279 1271 exilium

210 1320 325 1394 iverint,
342 1339 380 1379 ex
401 1319 535 1379 versibus
553 1314 639 1400 quie
656 1322 717 1378 118
733 1339 786 1398 sqq
806 1321 954 1397 leguntur,
973 1329 1105 1400 apparet,
1129 1329 1278 1380 auctorem

212 1429 293 1489 necis
308 1449 343 1487 eo
358 1429 479 1488 oonsilio
489 1448 507 1488 e
517 1430 615 1508 patria
629 1449 779 1506 egressum
794 1450 866 1505 esse,
877 1438 911 1492 ut
925 1431 1073 1490 interfecti
1087 1438 1280 1508 cognatorum

209 1538 353 1598 ultionem
368 1540 490 1597 vitaret:

360 1646 413 1707 καὶ
428 1644 485 1732 γάρ
500 1669 545 1719 τις
560 1644 584 1708 θ’
604 1645 658 1708 ἕνα
674 1652 764 1732 φοίτα
780 1647 984 1720 κατακτείνας
997 1647 1042 1710 ἐνὶ
1057 1640 1157 1734 δήμῳ,

362 1780 387 1816 ω
402 1756 443 1841 μῆ
459 1756 569 1820 πολλοὶ
585 1760 671 1819 ἔωσιν
687 1756 871 1844 ἀοσσητῆρες
886 1756 1009 1833 ὀπίσσω,

363 1866 465 1954 φεύγει
479 1867 573 1938 πηούς
587 1887 623 1929 τε
637 1863 793 1951 προλιπὼν
809 1866 861 1928 καὶ
875 1859 1010 1952 πατρίδα
1025 1877 1125 1953 γαῖαν.

276 2003 336 2064 Sed
351 2005 425 2064 haec
436 2005 510 2063 ultio
524 2005 619 2082 pretio
631 2004 758 2082 quodam
770 2004 865 2064 soluta
880 2023 942 2064 esse
954 2000 984 2063 Σ·
1002 2007 1063 2064 498
1079 2024 1114 2084 sq
1122 2003 1277 2083 probatur:

210 2113 301 2174 verba
315 2114 395 2174 enim
408 2113 482 2172 haec
496 2101 578 2172 aunt:

516 2212 571 2282 δύο
587 2209 612 2282 δ’
633 2212 878 2306 aripatorium
894 2221 993 2283 είνεκα
1006 2231 1109 2295 ποινῆς

362 2319 468 2416 ἀνδρὸς
483 2328 694 2416 ἀποφθιμένου.

276 2467 327 2526 Ad
358 2468 550 2547 explicandos
572 2469 625 2528 hos
657 2488 759 2528 versus
784 2468 972 2528 adiciendum
997 2477 1049 2543 est,
1076 2451 1120 2528 en¹
1138 2470 1280 2549 proximis

212 2579 310 2638 verbis
325 2578 529 2664 demonstrari,
544 2577 582 2638 de
597 2598 631 2637 eo
647 2579 705 2656 agi,
720 2579 799 2658 quod
815 2580 890 2638 alter
904 2587 1002 2656 negat,
1016 2599 1048 2638 se
1063 2579 1139 2638 illud
1152 2581 1279 2659 pretium

210 2689 271 2748 iam
293 2690 449 2768 accepisse,
475 2688 601 2747 alterae
627 2689 748 2748 solvisse
769 2688 848 2747 dicit.
893 2689 958 2747 Neo
982 2697 1083 2748 tamon
1108 2690 1276 2748 omittamus

209 2799 268 2858 illis
282 2798 461 2878 temporibus
476 2818 556 2859 more
570 2807 720 2877 receptum
735 2799 833 2873 fuisse,
845 2806 878 2857 ut
893 2798 998 2858 caedes
1013 2799 1102 2858 caede
1114 2806 1144 2858 et
1158 2800 1279 2875 sanguis

209 2910 355 2985 sanguine
376 2911 553 2988 expiaretur.
597 2908 693 2982 Quom
725 2927 834 2967 morem
860 2907 952 2967 verba
975 2915 1121 2968 testantur
1145 2928 1222 2987 quae
1248 2906 1278 2967 Ξ

211 3023 272 3079 483
288 3040 342 3099 sqq
357 3019 513 3096 leguntur:

445 3127 494 3188 ἵνα
509 3125 550 3214 μῆ
565 3149 597 3188 τι
612 3123 807 3212 κασιγνήτοιό
823 3147 858 3212 γε
873 3124 959 3195 ποινή

363 3229 454 3323 δηρὸν
471 3235 577 3309 ἄτιτος
591 3241 637 3319 ἔῃ.
653 3240 699 3318 τῷ
714 3236 766 3298 καί
780 3235 816 3299 κέ
830 3259 877 3309 τις
891 3235 1012 3322 εὔχεται
1028 3235 1102 3320 ἀνῆρ

362 3342 482 3434 γνωτὸν
494 3347 538 3408 ἐνὶ
552 3345 723 3433 μεγάροισιν
740 3346 812 3433 ἀρῆς
828 3346 967 3433 ἀλκτῆρα
981 3344 1128 3409 λιπέσθαι.

273 3485 375 3544 Tanta
389 3485 480 3562 igitur
494 3485 532 3543 iis
543 3483 711 3544 hominibus
726 3484 847 3544 ultionis
864 3504 936 3543 cura
947 3492 1018 3558 erat,
1033 3492 1067 3543 ut
1081 3485 1282 3563 unusquisque

209 3602 339 3674 cuperat,
355 3592 435 3654 domi
449 3594 575 3654 ultorem
595 3593 770 3674 relinquere.
814 3594 972 3654 simillimo
991 3602 1090 3653 autem
1110 3589 1198 3661 ποινή
1214 3591 1281 3652 eutr

209 3702 377 3765 otentivum¹
387 3705 539 3765 invenitur
554 3700 587 3764 Π
603 3706 675 3779 398,
691 3702 742 3762 ubi
758 3703 795 3764 de
811 3704 948 3763 Patroclo
963 3703 1037 3762 haec
1053 3701 1206 3762 dicuntur:

360 3821 462 3876 κτεῖνε
477 3811 659 3897 μεταΐσσων,
673 3811 795 3874 πολέων
812 3803 838 3872 δ’
859 3810 1029 3872 ἀπετίνυτο·
1038 3810 1142 3879 ποινῆν

211 3944 288 4005 quae
315 3924 407 3986 verba
429 3926 553 3988 Faenius
581 3924 657 3987 bene
681 3925 714 3984 in
736 3925 816 3984 huno
846 3923 965 3983 modum
991 3923 1184 4002 interpretari·
1209 3923 1282 3982 mihi

210 4033 341 4098 videtur:
374 4054 425 4112 „er
444 4035 566 4096 sehaffte
589 4036 652 4096 sich
677 4035 780 4096 Stihne
804 4035 853 4093 ftir
871 4033 988 4094 Viele.“
1037 4031 1125 4094 Adde
1146 4032 1225 4111 quod
1245 4050 1282 4091 ex
