3176 4898
720 310 759 372 21

273 499 339 558 Iam
358 498 440 557 aliud
455 498 610 558 afferamus
624 499 800 576 exemplum.
831 497 935 556 Ulixes
950 498 1029 556 enim
1045 517 1111 555 cum
1126 498 1159 557 in
1172 519 1275 576 procos

208 609 293 668 illurn
315 610 459 687 impetum
478 609 598 682 faceret,
613 607 722 668 Liodes
745 607 782 667 ab
804 627 838 666 eo
860 607 974 685 petivit,
996 615 1029 664 ut
1051 605 1107 665 sibi
1127 616 1274 685 parceret:

206 739 298 797 quam
313 738 430 799 precem
444 727 478 778 ut
492 719 622 780 firmaret
636 718 675 777 ad
690 717 867 794 dignitatem
882 737 965 776 suem
979 719 1159 796 provocavit.
1190 719 1276 778 Dixit

206 830 287 888 enim
301 849 324 911 χ
337 831 398 888 318
414 849 448 909 sq

359 965 456 1055 αὐτὰρ
472 965 533 1055 ἐγὼ
547 965 624 1054 μετὰ
640 977 719 1031 τοῖσι
731 967 873 1041 θυοσκόος
888 956 978 1032 οὐδὲν
994 970 1104 1056 ἐοργώς

359 1079 507 1163 κείσομαι,
522 1077 562 1152 ὡς
577 1077 632 1140 οὐκ
648 1081 713 1140 ἔστι
724 1077 806 1165 χάρις
821 1077 977 1162 peciam&
997 1079 1151 1167 εὐεργέων.

272 1243 378 1302 Ulixes
392 1261 463 1301 vero
478 1241 558 1321 quod
573 1243 599 1300 ei
614 1261 675 1301 non
691 1241 823 1319 pepercit
841 1260 874 1300 eo
889 1243 1063 1320 explicatur,
1075 1241 1154 1322 quod
1169 1243 1217 1301 hic
1231 1245 1277 1302 vir

207 1353 344 1429 quamvis
370 1371 482 1430 auspex
509 1371 586 1410 unus
609 1369 646 1409 ex
665 1350 834 1428 Penelopae
848 1353 944 1429 procis
965 1360 1036 1411 erat.
1080 1351 1141 1412 Sed
1162 1373 1199 1412 ex
1220 1353 1277 1412 hoc

208 1461 361 1540 Odysseae
376 1463 439 1535 loco
455 1460 536 1520 aliud
551 1460 622 1540 quid
643 1459 879 1520 concludendum
893 1469 945 1520 est.
991 1463 1128 1541 Namque
1143 1473 1275 1542 apparet,

207 1571 321 1631 Lioden
343 1573 494 1649 auspicem
519 1573 551 1630 in
574 1570 720 1630 nobilibus
746 1571 963 1631 numerandum
985 1591 1062 1646 esse,
1089 1574 1199 1652 quippe
1224 1575 1276 1654 qui

206 1681 378 1760 Penelopen
403 1681 530 1759 petierit.
586 1681 729 1740 Attamen
755 1681 935 1742 Hanalems
964 1683 996 1741 in
1022 1681 1097 1742 libro
1126 1683 1163 1743 de
1189 1683 1276 1744 rebus

208 1791 364 1850 homericis
380 1792 487 1869 scripto
502 1813 531 1870 p.
550 1795 588 1850 17
604 1811 716 1850 summo
731 1792 793 1852 iure
816 1791 955 1866 adnotat,
978 1792 1162 1880 saqerdotum
1184 1795 1275 1874 impe-

207 1903 285 1960 rium
307 1934 349 1943 -
370 1901 448 1979 quod
463 1901 550 1961 facile
565 1909 648 1980 potes
664 1903 861 1981 suspicari-
876 1903 935 1962 illis
960 1903 1139 1981 temporibus
1162 1906 1278 1963 nullum

208 2013 311 2072 fuisse.
338 2012 399 2072 Sed
413 2013 538 2071 nimium
552 2013 732 2072 Hanmcrus
749 2014 926 2073 conclusisse
940 2014 1012 2072 mihi
1026 2012 1152 2088 videtur,
1167 2014 1275 2088 dicens,

211 2143 302 2202 quam
323 2143 430 2201 parum
455 2123 603 2202 principes
625 2122 790 2183 sacerdotes
813 2124 993 2196 curaverint,
1018 2143 1055 2182 ex
1079 2141 1113 2182 eo
1135 2144 1278 2203 apparere

208 2231 288 2310 quod
309 2231 496 2310 Agamemno
511 2232 704 2292 Calchantem
724 2234 981 2292 vehementissime
1002 2234 1143 2293 reiecerit.
1188 2233 1277 2293 Unde

210 2362 257 2402 me
281 2342 401 2422 quidem
424 2342 521 2402 iudice
544 2344 595 2401 vix
616 2343 778 2422 quidquam
801 2342 937 2403 concludi
958 2352 1068 2421 potestz
1091 2343 1277 2420 Agamemno

210 2455 289 2513 enim
304 2460 457 2531 tantopere
472 2453 517 2511 ira
532 2461 692 2511 commotus
706 2462 759 2528 est,
774 2462 808 2512 ut
822 2474 964 2531 magnum
982 2462 1163 2514 momentum
1184 2456 1276 2534 ipsius

210 2562 308 2623 verbis
324 2553 452 2621 tribuere
467 2563 519 2620 vix
533 2564 635 2622 ausim.
680 2562 768 2622 Illam
789 2571 887 2623 autem
902 2567 1103 2644 quaestionem
1117 2564 1276 2644 perdiffici-

210 2675 278 2745 lem,
303 2693 392 2752 quam
419 2671 456 2731 de
478 2671 662 2731 sacerdotum
683 2675 817 2752 potentie
843 2676 939 2753 qualis
965 2676 1024 2734 iarn
1049 2683 1119 2734 ante
1144 2684 1277 2753 tempora

211 2784 360 2842 homerica
375 2783 504 2858 viguerit
518 2781 637 2855 habent,
652 2783 701 2842 hic
720 2784 896 2858 omittamus,
917 2805 983 2843 cum
1005 2784 1043 2843 ad
1065 2793 1196 2844 nostrum
1212 2805 1277 2863 pro-

213 2894 343 2971 positum
361 2893 414 2950 vix
433 2890 595 2970 quidquam
615 2893 716 2971 profici
735 2895 835 2972 possit,
857 2895 881 2952 si
896 2894 1014 2973 quidem
1029 2897 1147 2954 omnino
1169 2896 1200 2954 in
1223 2896 1279 2953 hac

212 3003 385 3082 quaestione
401 3001 472 3080 quid
487 3002 589 3080 profici
603 3011 707 3081 potest.
749 3002 810 3063 Sed
824 3004 903 3063 hanc
917 3007 1118 3083 quaestionem
1134 3005 1170 3064 de
1185 3026 1279 3064 sacer-

211 3111 484 3178 dotibushabitam
509 3111 548 3170 ad
580 3112 670 3172 finem
694 3113 900 3192 perducamus.
950 3113 1105 3187 Quaenam
1130 3116 1222 3192 igitur
1246 3117 1278 3174 in

210 3221 395 3282 sacerdotum
410 3221 496 3282 rebus
519 3225 646 3301 vestigia
664 3224 735 3283 iu‘ris
754 3225 887 3300 gentium
910 3223 1014 3284 erant?
1041 3225 1071 3284 N
1073 3226 1154 3302 agari
1175 3227 1279 3304 nequit

209 3331 393 3392 sacerdotem
409 3353 461 3392 suo
476 3334 539 3412 ipso
554 3353 676 3394 munere
696 3332 734 3393 ab
756 3335 868 3394 iniuriis
891 3334 1026 3395 defendi:
1053 3355 1122 3412 ergo
1145 3344 1276 3414 apparet,

209 3444 376 3504 sacerdotes
391 3451 591 3502 sacrosanctos
602 3442 717 3503 habitos
733 3464 805 3504 esse.

274 3580 297 3640 J
299 3601 347 3638 am
361 3598 432 3639 vero
446 3579 486 3638 ad
502 3599 538 3638 ea
552 3580 622 3637 iuris
637 3581 770 3655 gentium
785 3583 913 3658 vestigia
933 3590 1127 3654 transeamus,
1149 3600 1225 3659 quae
1246 3581 1278 3639 in

209 3689 297 3750 rebus
323 3688 487 3749 forensibus
513 3697 680 3749 cernuntur.
723 3689 770 3748 Ac
795 3692 922 3768 primum
945 3690 1064 3768 quidem
1086 3688 1123 3749 de
1145 3689 1235 3750 caede
1250 3698 1279 3749 et

210 3799 364 3860 homicidis
379 3819 510 3876 agamus.
555 3798 699 3859 (laedium
714 3808 813 3859 autem
828 3800 921 3858 multa
946 3799 1083 3878 exempla
1096 3801 1128 3860 in
1143 3801 1278 3859 carmini·

210 3910 265 3969 bus
290 3911 445 3970 homericis
473 3919 601 3972 exstant.
656 3910 775 3990 Siquis
803 3909 974 3971 interfectus
1000 3918 1077 3984 erat,
1103 3909 1142 3970 ab
1168 3929 1203 3970 eo
1228 3912 1278 3990 qui

211 4019 331 4080 caedem
347 4021 531 4080 commiserat
545 4029 597 4079 aut
616 4020 654 4079 ab
675 4023 736 4081 eius
760 4022 893 4099 cognatis
915 4022 1042 4100 pecunia
1065 4020 1276 4101 postulabatur.
