3176 4898
718 255 758 318 41

271 444 336 503 Nec
360 465 431 504 vero
457 445 551 504 solum
574 464 641 502 cum
666 442 786 503 foedera
810 445 965 516 icerentur,
991 462 1150 522 praecones
1175 443 1274 500 omnia

206 543 405 633 perfecerunt,
429 573 532 613 verum
553 554 642 612 etiam
662 555 707 613 his
727 554 798 632 ipsis
817 552 986 612 muneribus
1006 553 1164 628 fungentes
1180 572 1273 611 sacro-

206 665 301 728 sancti
321 671 414 723 erant.
463 663 629 727 Praecones
654 671 751 722 autem
767 671 809 736 ut,
834 683 901 721 cum
921 682 1006 721 sacra
1025 646 1273 734 administrarent,

207 773 386 833 sacrosancti
404 773 528 847 fuerint,
551 773 666 852 reipsa
687 773 859 851 postulatur.
904 771 1010 850 Itaque
1030 772 1142 830 factum
1163 780 1215 844 est,
1241 780 1275 830 ut

205 902 366 962 praecones
372 881 526 962 pecoraad
534 882 776 942 foederaicionda
786 917 825 924 —
836 881 874 941 de
884 880 1051 940 foederibus
1064 883 1181 940 omnino
1195 882 1274 940 infra

209 992 359 1070 agendum
389 994 446 1052 erit
475 1026 513 1036 —-
544 994 709 1052 necessaria
738 991 921 1051 adducerent
946 999 975 1050 et
1005 992 1094 1050 sacris
1126 990 1274 1050 faciundis

207 1103 390 1162 interessent.
434 1101 481 1161 Of.
498 1097 523 1160 Γ
539 1104 601 1162 268
616 1123 677 1183 sqq.
722 1102 811 1162 Adde
831 1101 911 1181 quod
936 1096 962 1160 Γ
983 1103 1042 1161 116
1065 1119 1099 1178 sq
1119 1100 1150 1158 hi
1172 1119 1275 1159 versus

206 1212 359 1288 leguntur:

353 1317 482 1406 Ἕκτωρ
499 1312 535 1382 δὲ
549 1321 638 1407 προτὶ
654 1319 732 1383 ἄστυ
748 1312 809 1382 δύο)
825 1318 957 1405 κήρυκας
973 1321 1105 1403 ἔπεμπεν

357 1429 555 1515 καρπαλίμως
571 1429 662 1515 ἄρνας
676 1452 712 1492 τε
726 1429 822 1517 φέρειν
837 1429 975 1516 Πρίαμόν
990 1451 1027 1492 τε
1040 1427 1197 1491 καλέσσαι.

273 1603 339 1662 Νοο
366 1610 467 1662 tamen
497 1602 591 1662 solum
620 1600 787 1660 foederibus
815 1601 939 1660 iciendis
967 1602 1143 1673 intererant,
1172 1605 1275 1658 veruin

105 1739 106 1742 ¹
207 1714 325 1772 omnino
345 1714 382 1772 iis
396 1713 468 1770 viris
492 1719 521 1771 et
542 1711 650 1770 Graeci
672 1720 701 1769 et
721 1712 844 1770 Troiani
868 1710 1035 1782 utebantur,
1061 1731 1128 1769 cum
1153 1709 1277 1767 nuncios

206 1825 323 1882 missuri
338 1829 444 1883 essent.
474 1821 640 1880 Praecones
652 1829 750 1880 autem
762 1821 839 1880 laedi
851 1821 936 1879 nefas
947 1819 1081 1879 habitum
1097 1838 1160 1879 esse
1175 1819 1276 1877 multis

102 1983 104 1986 .
210 1934 283 1992 locis
303 1932 453 2013 probatur.
498 1931 572 2005 Quis
592 1941 647 2002 est,
672 1932 719 1989 cui
739 1931 876 1989 hocloco
897 1951 956 1989 non
977 1931 1077 1989 statim
1097 1931 1129 1988 in
1148 1938 1277 1989 mentem
1327 1940 1330 1946 '

207 2045 319 2115 veniat,
341 2040 488 2121 quomodo
507 2040 695 2117 Agamemno
719 2041 854 2099 Briseida
878 2041 990 2099 Achilli
1016 2038 1166 2118 rapuerit?
1196 2038 1277 2114 Aga·

207 2173 324 2212 memno
347 2152 426 2210 enim
454 2172 520 2209 cum
544 2171 609 2210 eam
633 2153 823 2210 arcessitums
845 2158 933 2222 esset,
956 2169 1116 2228 praecones
1140 2150 1220 2208 misit
1239 2147 1278 2207 ad
1337 2186 1348 2231 ¹.

209 2283 274 2322 eam
291 2260 504 2335 abducendum,
520 2263 630 2340 quippe
645 2263 696 2341 qui
710 2263 774 2320 iure
789 2260 916 2340 quodam
931 2262 1066 2336 gentium
1086 2258 1278 2319 defenderen-

205 2382 261 2432 tur.
294 2371 353 2447 Qui
368 2370 488 2450 quidem
503 2391 663 2450 praecones
683 2373 804 2430 comiter
818 2370 855 2430 ab
870 2369 989 2429 Achille
1009 2371 1126 2449 excepti
1145 2378 1214 2428 sunt
1228 2369 1276 2426 iis-

206 2502 263 2562 que
278 2483 378 2540 statim
393 2481 503 2540 Briseis
522 2481 632 2540 tradita
646 2489 698 2540 est.
744 2481 805 2539 Hic
824 2481 889 2560 quis
908 2482 981 2539 mihi
1001 2500 1148 2559 opponere
1170 2487 1273 2558 potest,

206 2593 339 2651 versibus
355 2593 508 2651 homericis
522 2591 594 2668 ipsis
608 2593 721 2669 negari,
735 2611 892 2670 praecones
907 2592 970 2649 iure
984 2592 1118 2666 gentium
1140 2590 1275 2647 defensos

205 2723 276 2762 esse.
319 2703 474 2779 Leguntur
489 2702 567 2760 enim
581 2700 611 2758 A
627 2703 687 2760 331
705 2721 739 2780 sq
753 2702 827 2760 haec
843 2700 947 2760 verba:

357 2831 404 2896 τώ
420 2831 475 2919 μὲν
490 2833 685 2919 ταρβήσαντε
699 2835 752 2897 καὶ
766 2826 918 2919 αἰδομένω
933 2834 1066 2914 βασιλῆα

358 2944 485 3017 στήτην,
501 2933 572 3008 οὐδέ
586 2943 618 3006 τί
633 2968 683 3030 μιν
697 2943 905 3030 προσεφώνεον
921 2935 983 3006 οὐδ’
1003 2941 1134 3028 ἐρέοντο.

271 3085 332 3145 Sed
347 3104 392 3143 res
413 3083 503 3160 longe
524 3083 653 3141 aliaest.
700 3083 778 3142 Sane
804 3080 925 3160 quidem
948 3082 1052 3158 negari
1073 3080 1186 3158 nequit,
1207 3079 1274 3138 illos

207 3213 365 3274 praecones
394 3201 552 3253 trementes
577 3193 727 3252 Achillem
756 3192 878 3266 adiisse,
914 3190 966 3251 sed
995 3190 1092 3250 verbis
1122 3179 1273 3274 αἰδομένω

207 3303 339 3382 βασιλῆα
355 3304 496 3382 explicari
517 3305 589 3362 mihi
609 3303 734 3376 videtur,
755 3323 807 3361 cur
826 3301 947 3361 tandem
966 3301 1148 3360 tremuerint.
1194 3298 1274 3375 Quid

207 3416 287 3473 enim
313 3414 450 3494 impedit,
477 3416 633 3492 quominus
659 3413 822 3487 credamus,
849 3432 1008 3492 praecones
1035 3409 1164 3489 perbene
1189 3410 1274 3468 intel·

207 3524 322 3597 lexisse,
334 3533 446 3603 quanta
457 3525 565 3583 iniuria
577 3524 710 3583 Achilles
722 3521 909 3582 afficeretur?
932 3521 1066 3579 Achilles
1078 3517 1197 3598 quidem
1210 3519 1275 3577 illos

208 3626 278 3703 Διὸς
287 3630 436 3718 αγγέλους
447 3623 504 3702 ἠδὲ
511 3631 563 3693 καὶ
573 3625 688 3718 ἀνδρῶν
696 3635 817 3692 comiter
823 3632 939 3711 excepit
946 3638 975 3690 et
981 3649 1019 3689 ne
1026 3638 1147 3688 conatus
1154 3627 1273 3708 quidem

207 3752 260 3817 cst,
275 3745 312 3803 iis
326 3743 463 3804 Briseida
477 3764 606 3822 negare.¹
625 3745 816 3804 Notissimum
832 3749 930 3800 autem
945 3748 997 3813 est,
1014 3740 1049 3798 iis
1061 3740 1154 3819 quiin
1167 3747 1273 3798 terram

207 3854 335 3913 alienam
351 3855 522 3935 speculandi
538 3876 627 3914 causa
641 3855 759 3926 iverint,
775 3871 934 3932 praecones
949 3849 1066 3910 additos
1081 3869 1152 3923 esse,
1166 3851 1275 3929 quippe

208 3963 313 4042 quibus
340 3965 493 4025 comitibus
523 3986 623 4024 omnes
653 3965 708 4023 tuti
739 3971 843 4022 essent.
899 3963 990 4020 Velut
1016 3961 1121 4020 Ulixes
1151 3982 1215 4019 cum
1243 3962 1274 4018 in
