3176 4898
731 327 771 390 57

219 513 289 572 dum
315 523 429 574 coactos
454 535 517 574 esse
539 514 664 595 ideoque
686 515 921 592 Agamemnonis
945 516 1037 573 socios
1062 535 1117 574 neo
1143 514 1287 574 subiectos

170 661 171 664 =
219 624 318 684 fuisse.
348 622 437 684 Adde
450 623 530 703 quod
545 643 621 683 unus
637 624 761 703 quisque
777 623 838 683 dux
847 656 895 685 ,-·
911 623 1053 683 militibus
1068 623 1213 703 talequid
1228 646 1288 684 non

219 753 389 794 concessum
413 733 503 792 fuisse
530 741 759 793 consentaneum
786 741 831 794 est
855 767 897 776 —
923 735 969 792 ius
997 743 1233 814 potestatemque
1258 735 1290 793 in

220 842 322 900 castris
336 841 478 901 manendi
493 851 544 902 aut
560 851 721 901 castrorum
734 841 962 903 deserendorum
974 843 1087 902 habuit.
1118 843 1166 902 Ita
1178 843 1290 902 factum

220 959 271 1024 est,
287 959 320 1010 ut
334 950 467 1010 Achilles
483 972 550 1010 curn
569 950 608 1010 ab
625 951 847 1029 Agamemnone
866 952 963 1014 laesus
983 960 1071 1025 esset,
1092 955 1288 1031 minitaretur,

220 1081 251 1120 se
267 1082 327 1118 non
342 1061 436 1119 solurn
452 1062 546 1140 ipsum
562 1060 682 1120 domurn
697 1081 759 1122 esse
774 1061 946 1135 rediturum,
963 1063 999 1122 cf,
1016 1061 1033 1120 I
1050 1063 1111 1122 356
1128 1083 1183 1143 sqq

373 1173 424 1229 νῦν
441 1157 479 1242 δ’,
496 1169 561 1230 ἐπεὶ
577 1169 631 1230 οὐκ
650 1160 960 1256 έθέλωπολεμιζέμεν
972 1168 1103 1254 Ἕκτορι
1118 1162 1182 1255 δίῳ,

373 1277 474 1364 αὔριον
490 1277 538 1363 ἱροὶ
553 1276 604 1340 Διὶ
618 1271 703 1368 ῥέξας
718 1280 770 1341 καὶ
784 1288 859 1342 πᾶσι
873 1278 990 1358 θεοῖσιν,

372 1386 485 1461 νηησας
500 1381 534 1451 εὖ
549 1395 631 1466 νῆας,
647 1388 723 1459 έπδν
739 1382 837 1452 ἅλαδε
850 1388 1032 1473 προερύσσω.

220 1498 271 1559 sed
297 1500 387 1559 etiam
411 1499 485 1559 alios
500 1499 723 1560 adhortaturum
747 1522 823 1577 esse,
849 1508 882 1561 ut
904 1508 1001 1560 castra
1023 1498 1191 1562 desererent
1214 1501 1250 1560 cf.
1264 1502 1289 1560 1

220 1611 282 1668 416
299 1629 333 1689 sq

372 1707 466 1779 καὶδ
487 1713 524 1778 ἂν
539 1723 603 1790 τοῖς
618 1717 755 1782 ἄλλοισιν
772 1715 834 1806 ἐγὼ
850 1717 1122 1805 παραμυθησαίμην

347 1842 349 1846 ·
372 1817 469 1890 οἴκαδ’
488 1827 672 1908 ἀποπλείειν,
687 1828 752 1892 ἐπεὶ
767 1831 869 1891 οὐκέτι
884 1821 970 1900 δηεπι
985 1832 1116 1913 τέκμωρ.

284 1938 399 2014 Quibus
414 1938 510 1999 verbis
525 1939 682 2000 adicienda
698 1949 774 2014 sunt,
790 1961 866 2020 quae
882 1937 907 2001 B
923 1941 984 2000 357
1000 1961 1055 2021 sqq
1068 1941 1209 2019 leguntur

374 2051 399 2110 εἰ
415 2039 449 2109 δέ
464 2071 510 2120 τις
525 2047 687 2134 ἐκπάγλως
702 2047 797 2110 ἐθέλει
812 2041 930 2119 οἶκόνδε
945 2046 1069 2127 νέεσθαι,

374 2155 517 2219 ἁπτέσθω
533 2146 567 2229 ἧς
582 2158 651 2230 νηὸς
665 2157 842 2244 έοσσέλμοιο
859 2157 1009 2245 μελαίνης,

374 2265 452 2352 ὄφρα
465 2265 565 2351 πρόσθ’
586 2266 690 2329 ἄλλων
705 2266 836 2330 θάνατον
852 2268 904 2331 καὶ
918 2268 1036 2353 πότμον
1052 2267 1175 2350 ἐπίσπῃ.

284 2378 392 2438 Ulixes
415 2387 515 2439 autem
537 2399 604 2438 eum
631 2399 731 2440 omnes
757 2380 866 2442 Graeci
889 2381 1115 2459 Agamemnone
1136 2379 1291 2440 adhortato

222 2491 321 2548 statim
345 2489 447 2567 fugam
470 2499 670 2569 capesserent,
696 2491 803 2550 milites
828 2492 919 2553 variis
940 2491 1035 2550 modis
1055 2489 1095 2548 ad
1120 2490 1291 2548 concionem

221 2608 411 2658 revocaturus
426 2607 496 2658 erat.
542 2600 621 2659 Sane
636 2600 756 2679 quidem
771 2609 1000 2661 consentaneum
1015 2607 1073 2672 est,
1101 2600 1217 2658 Ulixem
1231 2598 1291 2656 alio

222 2709 308 2768 modo
324 2710 480 2788 principes,
496 2709 555 2768 alio
570 2709 656 2769 modo
672 2710 781 2769 milites
792 2712 942 2787 gregarios
952 2712 1141 2769 tractavisse:
1158 2707 1210 2767 sed
1222 2707 1291 2766 vids

222 2819 367 2898 quomodo
382 2820 437 2879 hoc
452 2820 563 2880 fecerit.
594 2821 748 2900 Principes
764 2805 842 2880 enirn
855 2819 995 2879 suavibus
1006 2818 1104 2878 verbis
1119 2817 1291 2877 adhortatus

223 2939 275 3002 est,
292 2940 326 2988 ut
340 2939 508 2989 manerent:
525 2930 561 2988 cf.
579 2925 605 2988 B
623 2933 682 2990 188
698 2951 733 3011 sq

375 3037 492 3100 ὅντινα
507 3035 562 3122 μὲν
579 3038 712 3118 βασιλῆα
726 3038 778 3099 καὶ
794 3035 897 3122 ἔξοχον
914 3029 1011 3123 ἄνδρα
1026 3035 1131 3122 κιχείη,

374 3148 427 3211 cdv
444 3136 598 3234 δ’ἀγανοῖς
612 3147 748 3209 ἐπέεσσιν
765 3147 952 3232 ἐρητύσασκε
966 3147 1126 3232 παραστάς

222 3260 331 3321 milites
346 3268 445 3320 autem
461 3259 612 3336 gregarios
626 3258 797 3319 verberibus
818 3260 935 3340 impulit

374 3369 407 3431 ὃν
425 3361 450 3430 δ’
471 3361 509 3428 αὖ
525 3358 626 3452 δήμου
642 3367 668 3428 τ’
685 3359 781 3454 ἄνδρα
796 3359 853 3430 ἴδοι
869 3367 1011 3450 βοόωντά
1025 3367 1051 3430 τ’
1071 3365 1195 3454 ἐφεύροι,

374 3479 427 3540 τὸν
444 3477 589 3563 σκήπτρῳ
604 3478 780 3556 ἐλάσασκεν,
796 3477 1009 3563 ὁμοκλήσασκέ
1024 3499 1061 3538 τε
1076 3474 1168 3561 μύθῳ.

225 3565 229 3572 ’
287 3592 351 3649 Hos
365 3599 464 3649 autem
479 3592 629 3670 principes
644 3589 683 3648 ab
697 3591 789 3650 Ulixe
804 3599 932 3648 retentos
947 3610 1006 3648 non
1026 3590 1092 3647 illos
1113 3607 1219 3647 novem
1239 3586 1290 3664 qui

223 3701 363 3780 βασιλῆες
378 3700 521 3779 appellari
537 3699 683 3774 solebant,
706 3698 796 3758 fuisse
819 3719 857 3758 ex
878 3718 912 3758 eo
932 3698 1039 3772 elucet,
1063 3695 1141 3778 quod
1165 3717 1232 3755 oum
1255 3697 1291 3754 iis

222 3811 409 3890 Agamemno
425 3811 580 3870 consilium
600 3829 685 3868 suurn
704 3810 762 3868 iam
784 3810 1052 3868 communicaverat
1074 3807 1110 3866 cf.
1129 3802 1154 3866 B
1170 3808 1211 3866 54
1226 3827 1288 3887 sqq.

223 3921 468 3982 Luculentissime
483 3939 553 3978 vero
568 3919 711 3978 sociorum
726 3919 860 3978 condicio
875 3918 970 3998 qualis
990 3918 1079 3977 fuerit
1101 3920 1133 3977 in
1148 3938 1182 3978 eo
1197 3919 1290 3977 cerni·

222 4041 279 4106 tur,
296 4031 373 4110 quod
389 4031 510 4090 Troiani
526 4029 611 4089 sociis
626 4031 685 4088 suis
700 4028 787 4088 valde
803 4027 997 4090 indulserunt.
1031 4026 1078 4087 Ac
1093 4029 1211 4088 Fassro
1227 4029 1290 4107 qui·
