3176 4898
801 317 845 380 44

722 406 923 414 ῃ--ψ--ῆ

288 525 355 564 eum
392 505 544 566 Thebanis
580 526 663 564 arma
703 507 860 582 inferrent,
896 505 1035 585 Tydeum
1065 508 1206 566 nuncium
1238 505 1361 565 Thebas

287 618 438 677 miserunt.
482 617 528 678 Of.
546 612 573 675 Δ
590 617 651 675 384

442 723 498 788 ἔνθ’
518 718 584 786 αὖτ’
605 723 749 811 ἀγγελίην
765 726 814 786 ἐπι
829 714 916 794 Τυδῆ
931 725 1055 786 στεῖλαν
1067 721 1199 809 Ἀχαιοί.

353 862 435 937 Quin
464 864 554 922 etiam
579 859 768 920 manifestum
798 869 850 935 est,
873 861 1012 940 Tydeum
1039 883 1099 920 nou
1125 859 1215 920 semel
1241 858 1293 919 sed
1315 858 1361 917 bis

288 981 368 1032 certe
383 971 421 1031 ad
431 970 589 1031 Thebanos
604 971 725 1028 missum
741 989 811 1030 esse.
857 971 917 1029 Hie
937 980 1037 1030 autem
1051 970 1175 1050 Tydeus
1195 971 1228 1028 in
1248 967 1361 1028 medios

288 1083 386 1141 hostes
411 1101 473 1141 sese
500 1080 624 1139 eontulit
648 1097 684 1136 ac
708 1087 793 1138 tanta
818 1087 882 1138 erat
909 1079 1002 1156 legati
1028 1082 1195 1153 auctoritas,
1220 1087 1254 1136 ut
1280 1079 1360 1157 ipsos

287 1193 394 1264 hostes,
422 1190 460 1250 ud
485 1209 558 1269 quos
581 1190 686 1247 missus
711 1196 783 1262 erat,
806 1189 969 1268 impunitus
990 1190 1030 1249 ad
1055 1211 1187 1270 pugnam
1213 1196 1359 1249 evocaret.

291 1300 338 1360 Of.
356 1296 383 1359 Δ
400 1301 461 1360 385
478 1319 532 1379 sqq

445 1404 542 1493 αὐτὰρ
558 1405 574 1469 ὁ
592 1407 641 1488 βῆ,
656 1404 769 1480 πολέας
785 1397 819 1466 δὲ
834 1404 982 1490 κιχήσατο
1000 1398 1199 1491 Καδμείωνας

442 1511 635 1602 δαινυμένους
650 1512 734 1579 κατὰ
750 1507 840 1601 δῶμα
855 1516 919 1597 βίης
930 1516 1157 1591 Ἐτεοκληείης.

443 1626 499 1690 §ab
520 1616 592 1689 οὐδὲ
608 1623 700 1705 ξεῖνός
715 1647 769 1712 περ
786 1622 845 1688 ἐὼν
861 1627 1022 1698 ἱππηλάτα
1039 1617 1153 1700 Τυδεύς

441 1737 547 1821 τάρβει
562 1739 631 1800 κτλ.

352 1885 416 1950 Hie
430 1885 503 1942 mihi
519 1883 626 1960 opponi
642 1891 746 1960 potest,
762 1883 868 1963 Tydeo
889 1883 1011 1941 insidias
1032 1904 1050 1942 a
1071 1882 1223 1942 Thebanis
1243 1890 1363 1961 paratas

292 2013 365 2067 esse,
389 1996 500 2072 quippe
514 1994 565 2072 qui
587 2012 687 2050 omnes
709 1994 741 2050 in
763 1995 923 2052 certamine
945 1995 1149 2071 superavisset,
1171 1993 1297 2072 ideoque
1318 1995 1364 2051 ius

290 2105 423 2182 gentium
439 2105 529 2182 fuisse
544 2102 715 2179 negandum
730 2122 801 2162 esse.
836 2102 896 2161 Sed
911 2103 980 2163 vide
995 2103 1141 2183 quomodo
1152 2103 1223 2162 illae
1237 2102 1363 2162 insidiae

290 2223 411 2294 paratae
441 2217 509 2273 sint.
568 2213 673 2292 Neque
706 2214 786 2272 enim
815 2214 971 2290 quisquam
1005 2214 1122 2272 illorum
1151 2212 1362 2272 Thebanorum

291 2327 427 2404 quamvis
443 2342 557 2382 summa
572 2324 616 2382 ira
631 2331 842 2381 commotorum
857 2325 888 2381 in
908 2325 974 2400 ipsa
994 2323 1067 2384 urbe
1089 2325 1222 2400 legatum
1243 2323 1363 2383 laedere

290 2455 378 2494 ausus
402 2442 446 2492 est
468 2433 519 2492 sed
540 2433 659 2491 demum
681 2434 740 2490 iam
756 2452 792 2491 ex
812 2432 884 2492 urbe
904 2453 1053 2509 egressum
1074 2436 1232 2513 petierunt.
1276 2433 1364 2507 Quod

289 2546 313 2603 ai
333 2545 458 2622 quaeris,
482 2542 561 2601 unde
583 2542 818 2602 concludendum
842 2545 891 2616 sit,
915 2552 1000 2603 extra
1024 2543 1127 2603 urbem
1149 2544 1216 2603 illas
1239 2543 1362 2602 insidias

291 2655 389 2726 fuisse,
407 2655 527 2714 afferam
543 2650 570 2713 Δ
587 2656 647 2712 392

445 2757 486 2844 ἂψ
503 2761 546 2847 ἄρ’
568 2760 757 2846 ἀνερχομένῳ
771 2761 896 2824 πυκινὸν
910 2761 1001 2846 λόχον
1018 2756 1099 2824 εἷσαν
1116 2761 1251 2849 ἄγοντες.

355 2899 392 2962 Ιυ
407 2901 471 2978 ipsa
487 2900 577 2976 igitur
592 2897 664 2957 urbe
678 2899 793 2976 legatus
808 2900 870 2959 iure
892 2899 1020 2978 quodam
1036 2899 1175 2959 defensus
1194 2909 1254 2960 est:
1279 2921 1362 2959 nam·

291 3029 349 3087 que
364 3011 420 3068 nisi
442 3010 535 3068 ullum
559 3011 604 3067 ius
627 3009 671 3067 illi
694 3017 765 3080 erat,
787 3009 857 3088 quid
881 3009 1002 3069 tandem
1017 3009 1176 3070 Thebanos
1197 3010 1362 3089 impedivit,

292 3121 448 3197 quominus
463 3121 546 3178 illum
570 3141 660 3184 unum
684 3120 834 3179 hominem
856 3121 955 3179 statim
978 3128 1126 3200 peterent:
1156 3121 1208 3179 sed
1229 3121 1361 3198 legatum

293 3227 480 3288 verebantur.
537 3229 675 3289 Ceterum
701 3238 837 3308 apparet,
863 3232 919 3308 ipsi
944 3231 1050 3310 Tydeo
1076 3253 1220 3291 summam
1245 3232 1363 3309 eulpam

291 3336 479 3398 tribuendam
503 3359 580 3412 esse,
602 3341 741 3419 quoniam
763 3342 881 3400 omnino
902 3341 1000 3417 legato
1020 3342 1059 3400 ad
1079 3344 1176 3401 hostes
1195 3342 1283 3400 misso
1303 3363 1363 3400 non

291 3449 368 3521 lieet,
385 3449 451 3508 illos
466 3451 563 3509 hostes
583 3449 720 3538 superbia
740 3451 862 3510 irritare.
909 3451 997 3512 Adde
1020 3453 1098 3534 quod
1115 3455 1172 3513 hae
1191 3452 1230 3512 de
1248 3473 1281 3512 re
1303 3453 1361 3511 ium

293 3560 411 3620 heroica
425 3562 489 3640 ipsa
500 3569 597 3620 aetate
612 3561 690 3620 idem
704 3561 847 3620 iudicium
862 3563 952 3622 fuisse
964 3563 1089 3624 videtur.
1131 3564 1268 3624 Minerva
1283 3563 1363 3623 enim

294 3664 320 3727 E
338 3673 399 3730 803
418 3692 471 3751 sqq
488 3672 559 3730 dicit

530 3797 668 3886 (Τυδεὺς)
685 3805 740 3869 ὅτε
753 3806 778 3867 τ’
799 3805 890 3877 ἤλυθε
904 3806 1006 3890 νόσφιν
1019 3801 1155 3889 Ἀχαιῶν

446 3913 576 4002 ἄγγελος
594 3921 622 3989 ἐς
638 3916 755 3996 Θήβας,
771 3913 882 3988 πολέας
899 3911 978 3998 μετὰ
994 3906 1203 3998 Καδμείωνας.

446 4016 601 4088 δαίνυσθαί
616 4050 665 4110 μιν
682 4026 800 4111 ἄνωγον
817 4023 860 4085 ἐνὶ
875 4023 1049 4109 μεγάροισιν
1065 4022 1183 4096 ἕκηλον·

502 4602 1168 4852 rm
