3176 4898
715 320 753 382 31

633 407 829 414 ——.—..-—--

205 507 349 567 Videmus
365 508 455 584 igitur
469 509 555 566 vietis
571 507 737 567 hominibus
753 509 919 568 etiamtum
942 507 1068 566 victores
1088 506 1274 585 pepercerint

205 637 322 677 neeesse
339 636 409 676 esse.
452 618 476 676 J
477 639 525 676 am
540 637 610 676 vero
626 638 663 678 ex
685 617 820 676 omnibus
842 617 913 676 locis
927 637 1000 696 quos
1016 617 1115 676 statim
1130 615 1275 675 allaturus

205 749 278 802 sum,
295 737 426 806 apparet,
443 730 569 787 viatores
583 729 669 788 victis
684 750 743 787 non
759 729 933 807 pepercisse.
972 725 1048 787 Cum
1069 733 1167 785 autem
1186 744 1273 805 saepe

205 837 368 910 videamus,
385 837 493 896 milites
508 838 657 916 supplices
671 839 764 896 vitam
779 838 907 916 petiisse,
922 857 981 895 non
995 837 1169 894 inusitatum
1183 835 1275 896 fuisse

205 947 331 1021 videtur,
347 947 435 1006 victis
449 949 542 1005 vitam
558 946 636 1007 dare.
676 947 769 1008 Velut
783 942 808 1005 Z
824 949 863 1006 37
889 966 944 1025 sqq
965 953 1112 1016 narratur,
1126 943 1275 1004 Adrastus

207 1078 225 1116 a
239 1057 377 1116 Menelao
393 1057 480 1115 vivus
507 1065 610 1136 captus
626 1076 698 1130 esse,
724 1058 889 1136 quistatim
904 1056 1034 1115 Menelai
1051 1075 1150 1132 genua
1165 1053 1275 1132 ample·

206 1188 261 1226 xus
275 1167 349 1226 haee
364 1166 487 1244 protulit
501 1165 592 1225 verba

359 1264 476 1359 ζώγρει,
488 1271 616 1358 Ἀτρέος
630 1272 684 1351 υἱέ,
700 1269 735 1334 σὺ
752 1266 777 1334 δ’
798 1270 868 1362 ἄξια
883 1264 969 1352 δέξαι
985 1271 1105 1335 ἄποινα.

272 1419 357 1494 Quae
376 1418 496 1498 quidem
517 1417 640 1478 Adrasti
660 1419 802 1497 promissa
816 1418 971 1478 Menelaus
993 1438 1053 1477 non
1075 1417 1197 1496 respuit,
1222 1415 1275 1475 sed

208 1531 268 1588 iam
297 1548 415 1588 servum
445 1548 513 1588 eum
542 1530 574 1588 in
604 1537 700 1588 eastra
728 1528 836 1588 ducere
871 1530 968 1602 iussit,
997 1547 1064 1586 oum
1088 1525 1276 1604 Agamemno

209 1640 376 1717 imperaret,
391 1647 425 1698 ut
446 1639 497 1698 ille
518 1639 739 1698 interficeretur.
783 1640 861 1698 Item
876 1638 1037 1698 Pisandrus
1058 1644 1086 1697 et
1101 1635 1275 1695 Arsilochus

207 1748 245 1807 ab
260 1748 486 1827 Agamemnone
500 1749 657 1827 petierunt,
672 1757 706 1807 ut
720 1750 791 1828 ipsis
805 1757 940 1828 parceret
955 1749 991 1808 of.
1008 1741 1041 1808 Λ
1058 1750 1117 1808 131
1135 1766 1190 1825 sqq

359 1871 475 1967 ζώγρει,
487 1879 615 1966 Ἀτρέος
630 1879 682 1955 υἱέ,
699 1876 734 1942 σὺ
751 1870 776 1943 δ’
797 1878 867 1961 ἄξια
882 1875 967 1961 δέξαι
981 1879 1102 1943 ἄποινα.

358 1990 463 2052 πολλοὶ
479 1983 504 2051 δ’
525 1993 556 2053 ἐν
569 1988 768 2076 Ἀντιμάχοιο
784 1982 887 2075 δόμοις
901 1989 1042 2075 κειμήλια
1057 1998 1166 2066 κεῖται,

294 2117 299 2130 “
359 2099 472 2184 χαλκός
486 2121 522 2162 τε
536 2099 642 2184 χρυσός
657 2121 692 2161 τε
706 2099 903 2184 πολυκμητός
917 2123 953 2162 τε
968 2093 1093 2185 σίδηρος,

361 2215 424 2271 τῶν
440 2209 491 2272 κέν
507 2232 556 2271 τοι
570 2209 728 2295 χαρίσαιτο
743 2212 845 2296 πατὴρ
863 2209 1000 2294 ἀπερείσι’
1022 2208 1135 2272 ἄποινα

360 2324 385 2380 εἰ
401 2325 454 2380 νῶι
470 2310 564 2394 ζωοὺς
578 2316 728 2381 πεπύθοιτ’
748 2320 798 2382 ἐπὶ
813 2319 914 2392 νηυσὶν
926 2319 1072 2404 Ἀχαιῶν.

274 2457 399 2535 Lycaon
422 2476 538 2536 quoque
565 2478 632 2516 eum
646 2456 782 2517 Achilles
801 2466 1033 2537 persequeretur,
1053 2476 1152 2516 seeum
1167 2457 1277 2532 eogita-

211 2567 265 2640 vit,
280 2585 379 2626 nonne
393 2568 457 2626 eius
472 2587 571 2644 genua
585 2569 740 2647 amplexus
754 2569 848 2627 vitam
863 2567 918 2627 sibi
937 2575 1058 2647 peteret,
1084 2566 1121 2625 of.
1138 2561 1170 2624 Φ
1188 2566 1227 2624 65
1244 2585 1278 2643 sq

360 2674 475 2760 γούνων
492 2671 623 2758 ἅψασθαι
639 2675 761 2760 μεμαώς
776 2678 844 2737 κτλ.

273 2787 311 2845 In
325 2785 423 2845 verbis
438 2793 537 2845 autem
552 2786 658 2866 quibus
673 2787 806 2847 Achilles
827 2784 993 2863 respondet,
1014 2787 1088 2844 haee
1104 2804 1277 2843 commemo-

211 2903 278 2955 ratu
303 2895 476 2972 dignissima
498 2896 650 2974 leguntur3
672 2897 723 2956 ille
746 2898 824 2956 enim
848 2895 929 2969 dicit,
955 2914 985 2954 se
1011 2894 1119 2953 multos
1133 2895 1278 2953 Troianos

211 3006 295 3065 vivos
310 3007 421 3085 oepisse
436 3014 466 3065 et
480 3005 649 3066 vendidisse
665 3006 701 3064 of.
718 3002 751 3065 Φ
769 3009 828 3066 102

361 3113 413 3175 καὶ
427 3109 560 3186 πολλοὺς
573 3104 667 3187 ζωοὺς
682 3112 752 3175 ἕλον
766 3105 814 3184 ἠδ’
833 3112 996 3197 ἐπέρασσα.

275 3225 377 3283 Etiam
391 3225 528 3284 Priamus
542 3226 617 3284 filios
628 3224 832 3305 redempturus
848 3233 919 3302 erat,
930 3226 955 3284 si
976 3224 1096 3304 quidem
1108 3225 1279 3303 superstites
1363 3279 1365 3282 .

212 3334 362 3395 essent'of.
377 3327 408 3392 X
424 3338 463 3394 49
477 3355 511 3414 sq

363 3443 429 3504 ἀλλ’
448 3440 545 3528 εἰμὲν
561 3434 671 3518 ζώουσι
687 3442 767 3528 μετὰ
783 3446 907 3527 στρατῷ
921 3435 940 3512 ἦ
955 3442 982 3503 τ’
1002 3436 1039 3503 ἂν
1056 3444 1163 3524 ἔπειτα

362 3554 479 3638 χαλκοῦ
495 3574 530 3615 τε
544 3558 654 3639 χρυσοῦ
669 3553 695 3614 τ’
716 3551 930 3638 ἀπολυσόμεθ’.

277 3687 462 3764 Quinetiam
477 3690 577 3750 Dolon
595 3691 646 3771 qui
661 3687 834 3768 speculandi
850 3709 938 3747 causa
960 3688 1055 3746 multa
1077 3695 1163 3746 noete
1184 3694 1280 3745 castra

212 3799 395 3859 Graecorum
416 3807 520 3878 petens
543 3797 722 3860 aDiomede
744 3806 773 3858 et
788 3797 879 3858 Ulixe
900 3804 1004 3877 eaptus
1027 3805 1079 3872 est,
1095 3797 1234 3875 speravit,
1249 3815 1280 3854 se

213 3909 332 3968 abillis
354 3911 448 3988 pretio
470 3911 566 3970 soluto
589 3908 808 3970 dimissum'iri.
853 3907 924 3986 Ipsa
948 3906 1073 3968 Dolonis
1094 3905 1186 3966 verba
1207 3906 1282 3966 haee

212 4026 281 4078 sunt
295 4013 324 4076 K
340 4021 401 4080 378
417 4039 472 4098 sqq
