3176 4898
830 310 848 370 8

737 397 933 405 ..ο-α...-

301 497 503 570 Ruamonru,
527 499 697 570 Kosrrruu,
722 497 974 572 Scuouunuuuu,
999 498 1205 574 Nrrzscruuu,
1229 501 1301 559 alios
1321 503 1372 578 qui

302 606 372 665 data
393 609 548 666 occasione
570 609 616 666 ius
636 609 770 684 gentium
794 609 973 667 homericum
994 611 1156 688 attigerunt
1179 612 1288 690 quique
1309 612 1368 670 suis

301 716 372 774 locis
387 737 405 774 a
421 738 466 777 me
482 717 795 777 commemorabuntur.

364 828 430 885 Iam
445 848 515 887 vero
532 849 679 900 conemur,
696 829 823 904 vestigia
838 829 909 916 iuris
927 831 1061 906 gentium
1072 832 1212 890 homerici
1223 839 1367 909 quantum

301 957 454 1014 possumus
479 939 622 1015 indagare
648 947 677 998 et
703 958 880 1016 quaeramus
903 959 1049 1018 quaenam
1075 942 1127 1000 illa
1150 943 1276 1017 vestigia
1298 943 1365 1000 sint.

301 1045 398 1119 Quam
413 1048 533 1126 quidem
549 1050 750 1126 quaestionem
765 1050 807 1108 ita
827 1050 1026 1122 instituamus,
1047 1059 1079 1108 ut
1101 1051 1228 1129 primum
1249 1051 1370 1130 quidem

301 1155 338 1214 de
353 1159 423 1214 iuris
439 1159 573 1234 gentium
588 1159 722 1234 vestigiis
734 1178 865 1234 agamus,
878 1162 997 1237 quaein
1008 1180 1089 1238 pace,
1103 1169 1166 1219 tum
1178 1161 1215 1220 de
1226 1163 1368 1238 vestigiis,

300 1251 375 1344 quae
391 1269 422 1326 in
438 1267 514 1327 bello
530 1275 698 1327 cernuntur.

366 1377 547 1457 Incipiamus
562 1380 653 1456 igitur
667 1377 705 1436 ab
719 1377 897 1455 indagandis
908 1381 1041 1457 vestigiis
1052 1381 1123 1438 iuris
1134 1383 1276 1458 gentium,
1291 1401 1367 1460 quae

300 1489 381 1562 pacis
404 1489 545 1548 institutis
566 1489 761 1548 ostenduntur
783 1509 817 1546 ac
839 1490 965 1566 primum
987 1490 1105 1568 quidem
1130 1490 1168 1549 de
1188 1471 1366 1550 commercio

300 1603 440 1661 dicamus.
484 1599 550 1658 Illis
569 1599 649 1658 enim
671 1599 880 1677 antiquissimis
905 1599 1085 1678 temporibus
1110 1619 1190 1661 more
1214 1609 1365 1679 receptum

300 1722 371 1786 erat,
379 1717 415 1770 'ut
426 1711 500 1770 bene
512 1711 725 1787 exciperentur,
733 1710 783 1786 qui
796 1709 924 1786 hospites
936 1708 975 1768 ad
986 1708 1103 1769 aedium
1115 1719 1213 1788 portas
1221 1713 1364 1770 venirent.

300 1824 358 1898 Qui
374 1842 436 1880 mos
450 1828 510 1878 tam
525 1820 706 1879 necessarius
721 1826 792 1890 erat,
804 1827 837 1877 ut
848 1820 904 1878 nisi
915 1819 1018 1878 fuisset
1030 1821 1148 1879 omnino
1160 1823 1366 1880 commercium

299 1935 362 1992 fieri
379 1953 438 1990 non
452 1938 557 2009 posset.
604 1929 819 1988 Commercium
838 1937 937 1987 autem
957 1930 1016 1987 illis
1037 1929 1216 2008 temporibus
1235 1931 1294 1988 iam
1314 1932 1365 1988 flo-

299 2046 391 2102 ruisse
412 2042 498 2100 certis
518 2040 700 2116 argumentis
721 2059 757 2097 ex
780 2040 850 2116 ipsis
872 2038 1051 2096 carminibus
1073 2041 1196 2117 sumptis
1214 2039 1367 2117 probatur:

299 2175 360 2233 qua
375 2153 411 2210 de
426 2171 457 2210 re
472 2151 662 2209 Pmasoruus
678 2150 708 2207 in
724 2150 794 2206 novi
809 2169 881 2206 mus.
899 2149 993 2208 Rhen.
1010 2150 1060 2208 vol
1074 2151 1124 2207 ¹16.
1142 2170 1169 2226 p.
1188 2151 1227 2207 82
1244 2169 1298 2227 sqq
1321 2170 1368 2208 ac-

301 2262 483 2322 curatissime
499 2259 613 2336 agebat.
645 2259 884 2318 Consentaneum
899 2268 997 2317 autem
1012 2267 1064 2324 est,
1076 2259 1151 2317 illud
1163 2260 1368 2318 commercium

299 2375 361 2432 fere
377 2372 451 2430 nihil
467 2369 547 2448 aliud
563 2371 619 2428 nisi
634 2389 731 2427 rerum
748 2370 1007 2428 commutationem
1022 2370 1120 2428 fuisse.
1153 2370 1243 2428 Velut
1259 2363 1289 2427 H
1304 2371 1366 2427 467

300 2486 372 2560 sqq1
393 2488 536 2552 narratur,
560 2499 652 2538 naves
667 2480 780 2538 Lemno
796 2477 835 2537 ad
851 2476 1031 2537 Graecorum
1043 2488 1139 2538 castra
1150 2481 1273 2551 venisse,
1290 2499 1366 2557 quae

299 2594 402 2650 vinum
414 2587 551 2650 afferrent
562 2589 661 2668 ibique
676 2599 782 2648 nautas
796 2591 900 2648 vinum
914 2590 1006 2646 variis
1020 2588 1106 2647 rebus
1122 2599 1322 2648 commutasse.

452 2724 519 2786 νῆες
534 2707 558 2775 d'
576 2715 611 2776 ἐκ
626 2711 766 2798 Λήμνοιο
782 2711 977 2798 παρέστασαν
994 2710 1071 2775 οἶνον
1088 2712 1216 2800 ἄγουσαι

451 2825 573 2907 πολλαί,
588 2824 645 2896 τὰς
660 2823 805 2908 προέηκεν
817 2815 982 2895 Ἰησονίδης
998 2823 1120 2896 Εὔνηος.

453 2935 532 2998 ἐνθεν
550 2935 592 3020 ἄρ’
611 2925 757 3008 οἰνίζοντο
773 2933 1022 3018 καρηκομόωντις
1036 2931 1162 3017 Ἀχαιοί,

451 3045 541 3107 ἄλλοι
557 3043 612 3131 μὲν
627 3047 742 3129 χαλκῷ,
759 3043 849 3108 ἄλλοι
866 3033 889 3105 δ’
904 3043 1005 3104 αἰΌωνι
1021 3035 1142 3128 σιδήρῳ,
1180 3081 1181 3084 =

452 3155 542 3217 ἄλλοι
559 3144 593 3216 δὲ
609 3158 705 3242 ρἰνοῒς,
722 3143 811 3215 ἄλλοι
826 3145 851 3214 b‘
866 3155 977 3236 αὐτῇσι
993 3153 1119 3234 βόεσσιν,

452 3265 541 3326 ἄλλοι
556 3257 581 3326 b’
600 3256 824 3350 drbpoudbacm.

362 3404 427 3462 Nec
442 3403 535 3460 solum
551 3403 668 3460 Lemnii
684 3411 858 3461 mercatores
873 3404 963 3462 fuisse
978 3403 1142 3476 traduntur,
1159 3425 1260 3462 verum
1277 3408 1366 3465 etiam

298 3515 422 3591 d‘aphii,
445 3513 612 3585 Cretenses,
637 3515 764 3572 maxime
787 3515 958 3572 Phoenices.
1003 3513 1156 3586 Quantum
1176 3523 1275 3573 autem
1291 3517 1366 3574 illud

298 3626 504 3682 commercium
520 3623 621 3695 fuerit,
644 3633 767 3701 apparet
782 3644 819 3681 ex
834 3644 869 3682 eo
884 3623 963 3701 quod
978 3624 1022 3681 illi
1038 3625 1163 3682 navibus
1179 3627 1237 3683 suis
1252 3627 1283 3684 in
1298 3627 1366 3684 ulti-

298 3754 361 3791 mas
377 3743 464 3811 atque
480 3716 626 3792 extremas
640 3742 733 3792 terras
748 3735 975 3810 navigaverunt.
1007 3735 1143 3812 Namque
1159 3744 1189 3794 et
1199 3737 1231 3794 in
1243 3734 1365 3814 Aegyp·

368 3954 376 3982 ¹
394 3955 486 3998 Versus
499 3955 619 4000 homerici
631 3954 767 4000 secundum
779 3955 884 4014 primam
903 3955 1026 4000 Belenum
1044 3955 1180 4001 editionem
1199 3957 1284 4006 Berol.
1301 3961 1364 4004 1843

298 4038 391 4084 editam
404 4038 546 4083 laudantur.
