<?xml version="1.0" encoding="UTF-8"?>
<!DOCTYPE html PUBLIC "-//W3C//DTD XHTML 1.0 Transitional//EN"
    "http://www.w3.org/TR/xhtml1/DTD/xhtml1-transitional.dtd">
<html xmlns="http://www.w3.org/1999/xhtml" xml:lang="en" lang="en">
 <head>
  <title>
</title>
<meta http-equiv="Content-Type" content="text/html;charset=utf-8" />
  <meta name='ocr-system' content='tesseract 3.04.00' />
  <meta name='ocr-capabilities' content='ocr_page ocr_carea ocr_par ocr_line ocrx_word'/>
</head>
<body>
  <div class='ocr_page' id='page_1' title='image "./devestigiisiuri00sorggoog_0050.png"; bbox 0 0 3176 4898; ppageno 0'>
   <div class='ocr_carea' id='block_1_1' title="bbox 716 323 758 385">
    <p class='ocr_par' dir='ltr' id='par_1_1' title="bbox 716 323 758 385">
     <span class='ocr_line' id='line_1_1' title="bbox 716 323 758 385; baseline 0.024 -1"><span class='ocrx_word' id='word_1_1' title='bbox 716 323 758 385; x_wconf 76' lang='lat'>45</span> 
     </span>
    </p>
   </div>
   <div class='ocr_carea' id='block_1_2' title="bbox 358 503 1209 594">
    <p class='ocr_par' dir='ltr' id='par_1_2' title="bbox 358 503 1209 594">
     <span class='ocr_line' id='line_1_2' title="bbox 358 503 1209 594; baseline 0.002 -26"><span class='ocrx_word' id='word_1_2' title='bbox 358 503 455 592; x_wconf 80' lang='grc' dir='ltr'>αὐτὰρ</span> <span class='ocrx_word' id='word_1_3' title='bbox 471 505 488 568; x_wconf 85' lang='grc' dir='ltr'>ὁ</span> <span class='ocrx_word' id='word_1_4' title='bbox 502 505 595 592; x_wconf 78' lang='grc' dir='ltr'>θυμὸν</span> <span class='ocrx_word' id='word_1_5' title='bbox 612 510 688 592; x_wconf 83' lang='grc' dir='ltr'><strong>ἔχων</strong></span> <span class='ocrx_word' id='word_1_6' title='bbox 705 507 738 567; x_wconf 86' lang='grc' dir='ltr'>ὃν</span> <span class='ocrx_word' id='word_1_7' title='bbox 754 507 909 592; x_wconf 70' lang='grc' dir='ltr'>καρτερόν,</span> <span class='ocrx_word' id='word_1_8' title='bbox 925 507 965 581; x_wconf 81' lang='grc' dir='ltr'>ὠς</span> <span class='ocrx_word' id='word_1_9' title='bbox 979 507 1018 569; x_wconf 80' lang='grc' dir='ltr'>τὸ</span> <span class='ocrx_word' id='word_1_10' title='bbox 1033 507 1126 592; x_wconf 78' lang='grc' dir='ltr'>πάρος</span> <span class='ocrx_word' id='word_1_11' title='bbox 1142 530 1209 594; x_wconf 81' lang='grc' dir='ltr'><strong>περ,</strong></span> 
     </span>
    </p>
   </div>
   <div class='ocr_carea' id='block_1_3' title="bbox 356 607 1155 702">
    <p class='ocr_par' dir='ltr' id='par_1_3' title="bbox 356 607 1155 702">
     <span class='ocr_line' id='line_1_3' title="bbox 356 607 1155 702; baseline -0.001 -24"><span class='ocrx_word' id='word_1_12' title='bbox 356 615 479 701; x_wconf 82' lang='grc' dir='ltr'>κούρους</span> <span class='ocrx_word' id='word_1_13' title='bbox 498 608 660 701; x_wconf 81' lang='grc' dir='ltr'>Καδμείων</span> <span class='ocrx_word' id='word_1_14' title='bbox 674 607 884 702; x_wconf 79' lang='grc' dir='ltr'><strong>προκαλίζετο,</strong></span> <span class='ocrx_word' id='word_1_15' title='bbox 898 617 1000 678; x_wconf 85' lang='grc' dir='ltr'>πάντα</span> <span class='ocrx_word' id='word_1_16' title='bbox 1015 609 1041 678; x_wconf 75' lang='grc' dir='ltr'>δ’</span> <span class='ocrx_word' id='word_1_17' title='bbox 1062 617 1155 680; x_wconf 78' lang='grc' dir='ltr'>ἐνίκα.</span> 
     </span>
    </p>
   </div>
   <div class='ocr_carea' id='block_1_4' title="bbox 179 727 1279 2122">
    <p class='ocr_par' dir='ltr' id='par_1_4' title="bbox 205 727 1277 1248">
     <span class='ocr_line' id='line_1_4' title="bbox 272 727 1277 808; baseline 0.002 -22"><span class='ocrx_word' id='word_1_18' title='bbox 272 727 386 801; x_wconf 82' lang='lat' dir='ltr'><strong>Quibus</strong></span> <span class='ocrx_word' id='word_1_19' title='bbox 401 730 432 787; x_wconf 93' lang='lat' dir='ltr'>in</span> <span class='ocrx_word' id='word_1_20' title='bbox 447 728 545 788; x_wconf 87' lang='lat' dir='ltr'>verbis</span> <span class='ocrx_word' id='word_1_21' title='bbox 567 749 632 788; x_wconf 88' lang='lat' dir='ltr'>mea</span> <span class='ocrx_word' id='word_1_22' title='bbox 652 729 771 808; x_wconf 83' lang='lat' dir='ltr'>quidem</span> <span class='ocrx_word' id='word_1_23' title='bbox 794 731 940 789; x_wconf 88' lang='lat' dir='ltr'>sententia</span> <span class='ocrx_word' id='word_1_24' title='bbox 955 731 1083 788; x_wconf 82' lang='lat' dir='ltr'><strong>maxime</strong></span> <span class='ocrx_word' id='word_1_25' title='bbox 1109 731 1162 789; x_wconf 89' lang='lat' dir='ltr'>illa</span> <span class='ocrx_word' id='word_1_26' title='bbox 1185 729 1277 788; x_wconf 86' lang='lat' dir='ltr'>verba</span> 
     </span>
     <span class='ocr_line' id='line_1_5' title="bbox 207 831 1276 923; baseline 0.001 -27"><span class='ocrx_word' id='word_1_27' title='bbox 207 831 318 919; x_wconf 61' lang='lat' dir='ltr'>„bufam</span> <span class='ocrx_word' id='word_1_28' title='bbox 335 841 411 920; x_wconf 80' lang='grc' dir='ltr'>ἔχων</span> <span class='ocrx_word' id='word_1_29' title='bbox 429 835 461 899; x_wconf 86' lang='grc' dir='ltr'>ὃν</span> <span class='ocrx_word' id='word_1_30' title='bbox 477 837 642 923; x_wconf 81' lang='grc' dir='ltr'>κάρτερον“</span> <span class='ocrx_word' id='word_1_31' title='bbox 668 839 853 916; x_wconf 86' lang='lat' dir='ltr'>respicienda</span> <span class='ocrx_word' id='word_1_32' title='bbox 870 846 945 897; x_wconf 87' lang='lat' dir='ltr'>sunt.</span> <span class='ocrx_word' id='word_1_33' title='bbox 989 839 1047 898; x_wconf 89' lang='lat' dir='ltr'>His</span> <span class='ocrx_word' id='word_1_34' title='bbox 1072 841 1152 898; x_wconf 91' lang='lat' dir='ltr'>enim</span> <span class='ocrx_word' id='word_1_35' title='bbox 1178 839 1276 898; x_wconf 86' lang='lat' dir='ltr'>verbis</span> 
     </span>
     <span class='ocr_line' id='line_1_6' title="bbox 208 947 1277 1028; baseline 0.002 -23"><span class='ocrx_word' id='word_1_36' title='bbox 208 947 345 1007; x_wconf 89' lang='lat' dir='ltr'>Minerva</span> <span class='ocrx_word' id='word_1_37' title='bbox 359 947 524 1007; x_wconf 84' lang='lat' dir='ltr'>luculenter</span> <span class='ocrx_word' id='word_1_38' title='bbox 538 948 617 1014; x_wconf 78' lang='lat' dir='ltr'>dicit.</span> <span class='ocrx_word' id='word_1_39' title='bbox 634 949 718 1006; x_wconf 93' lang='lat' dir='ltr'>illum</span> <span class='ocrx_word' id='word_1_40' title='bbox 739 950 877 1007; x_wconf 86' lang='lat' dir='ltr'>iniuriam</span> <span class='ocrx_word' id='word_1_41' title='bbox 895 949 1009 1023; x_wconf 87' lang='lat' dir='ltr'>fecisse,</span> <span class='ocrx_word' id='word_1_42' title='bbox 1024 948 1102 1028; x_wconf 91' lang='lat' dir='ltr'>quod</span> <span class='ocrx_word' id='word_1_43' title='bbox 1118 948 1277 1009; x_wconf 80' lang='lat' dir='ltr'><strong>Thebanos</strong></span> 
     </span>
     <span class='ocr_line' id='line_1_7' title="bbox 205 1056 1276 1137; baseline 0.001 -22"><span class='ocrx_word' id='word_1_44' title='bbox 205 1056 244 1115; x_wconf 91' lang='lat' dir='ltr'>ad</span> <span class='ocrx_word' id='word_1_45' title='bbox 260 1078 393 1137; x_wconf 84' lang='lat' dir='ltr'>pugnam</span> <span class='ocrx_word' id='word_1_46' title='bbox 409 1059 552 1125; x_wconf 84' lang='lat' dir='ltr'>evocavit.</span> <span class='ocrx_word' id='word_1_47' title='bbox 598 1059 652 1116; x_wconf 84' lang='lat' dir='ltr'>Cui</span> <span class='ocrx_word' id='word_1_48' title='bbox 670 1060 833 1118; x_wconf 85' lang='lat' dir='ltr'>sententiae</span> <span class='ocrx_word' id='word_1_49' title='bbox 847 1060 898 1117; x_wconf 88' lang='lat' dir='ltr'>illa</span> <span class='ocrx_word' id='word_1_50' title='bbox 914 1059 1004 1118; x_wconf 89' lang='lat' dir='ltr'>verba</span> <span class='ocrx_word' id='word_1_51' title='bbox 1026 1080 1085 1118; x_wconf 93' lang='lat' dir='ltr'>non</span> <span class='ocrx_word' id='word_1_52' title='bbox 1100 1068 1276 1137; x_wconf 85' lang='lat' dir='ltr'>repugnant,</span> 
     </span>
     <span class='ocr_line' id='line_1_8' title="bbox 206 1164 704 1248; baseline 0 -23"><span class='ocrx_word' id='word_1_53' title='bbox 206 1187 281 1246; x_wconf 82' lang='lat' dir='ltr'>quae</span> <span class='ocrx_word' id='word_1_54' title='bbox 296 1167 455 1228; x_wconf 89' lang='lat' dir='ltr'>Diomedes</span> <span class='ocrx_word' id='word_1_55' title='bbox 473 1164 498 1227; x_wconf 80' lang='lat' dir='ltr'>ll</span> <span class='ocrx_word' id='word_1_56' title='bbox 516 1171 576 1228; x_wconf 77' lang='lat'>289</span> <span class='ocrx_word' id='word_1_57' title='bbox 593 1169 704 1248; x_wconf 81' lang='lat' dir='ltr'>profert</span> 
     </span>
    </p>

    <p class='ocr_par' dir='ltr' id='par_1_5' title="bbox 179 1271 1279 2122">
     <span class='ocr_line' id='line_1_9' title="bbox 357 1271 1094 1363; baseline -0.001 -26"><span class='ocrx_word' id='word_1_58' title='bbox 357 1273 435 1362; x_wconf 81' lang='grc' dir='ltr'>ἀτὰρ</span> <span class='ocrx_word' id='word_1_59' title='bbox 453 1271 494 1355; x_wconf 72' lang='grc' dir='ltr'>ἂψ</span> <span class='ocrx_word' id='word_1_60' title='bbox 511 1273 607 1338; x_wconf 80' lang='grc' dir='ltr'>ἀπιὼν</span> <span class='ocrx_word' id='word_1_61' title='bbox 623 1276 708 1362; x_wconf 76' lang='grc' dir='ltr'>μάλα</span> <span class='ocrx_word' id='word_1_62' title='bbox 724 1275 857 1362; x_wconf 78' lang='grc' dir='ltr'>μέρμερα</span> <span class='ocrx_word' id='word_1_63' title='bbox 873 1277 993 1360; x_wconf 72' lang='grc' dir='ltr'>μήσατο</span> <span class='ocrx_word' id='word_1_64' title='bbox 1010 1279 1094 1363; x_wconf 76' lang='grc' dir='ltr'><strong>ἔργα.</strong></span> 
     </span>
     <span class='ocr_line' id='line_1_10' title="bbox 179 1388 1275 1465; baseline 0.001 -19"><span class='ocrx_word' id='word_1_65' title='bbox 179 1393 181 1396; x_wconf 80' lang='grc'><strong>’</strong></span> <span class='ocrx_word' id='word_1_66' title='bbox 270 1388 431 1447; x_wconf 84' lang='lat' dir='ltr'>Diomedes</span> <span class='ocrx_word' id='word_1_67' title='bbox 446 1390 525 1446; x_wconf 90' lang='lat' dir='ltr'>enim</span> <span class='ocrx_word' id='word_1_68' title='bbox 541 1390 603 1448; x_wconf 91' lang='lat' dir='ltr'>iure</span> <span class='ocrx_word' id='word_1_69' title='bbox 619 1410 670 1447; x_wconf 90' lang='lat' dir='ltr'>suo</span> <span class='ocrx_word' id='word_1_70' title='bbox 685 1390 737 1448; x_wconf 85' lang='lat' dir='ltr'>illa</span> <span class='ocrx_word' id='word_1_71' title='bbox 751 1389 831 1447; x_wconf 87' lang='lat' dir='ltr'>facta</span> <span class='ocrx_word' id='word_1_72' title='bbox 852 1398 1080 1447; x_wconf 84' lang='lat' dir='ltr'>commemoratu</span> <span class='ocrx_word' id='word_1_73' title='bbox 1100 1389 1193 1465; x_wconf 85' lang='lat' dir='ltr'>digna</span> <span class='ocrx_word' id='word_1_74' title='bbox 1212 1408 1275 1447; x_wconf 89' lang='lat' dir='ltr'>esse</span> 
     </span>
     <span class='ocr_line' id='line_1_11' title="bbox 206 1497 1275 1577; baseline 0 -21"><span class='ocrx_word' id='word_1_75' title='bbox 206 1498 290 1570; x_wconf 89' lang='lat' dir='ltr'>dicit,</span> <span class='ocrx_word' id='word_1_76' title='bbox 318 1498 396 1577; x_wconf 90' lang='lat' dir='ltr'>quod</span> <span class='ocrx_word' id='word_1_77' title='bbox 416 1499 540 1577; x_wconf 84' lang='lat' dir='ltr'>Tydeus</span> <span class='ocrx_word' id='word_1_78' title='bbox 561 1519 661 1558; x_wconf 91' lang='lat' dir='ltr'>omnes</span> <span class='ocrx_word' id='word_1_79' title='bbox 683 1500 900 1577; x_wconf 83' lang='lat' dir='ltr'>quinquaginta</span> <span class='ocrx_word' id='word_1_80' title='bbox 924 1500 1058 1570; x_wconf 86' lang='lat' dir='ltr'>iuvenes,</span> <span class='ocrx_word' id='word_1_81' title='bbox 1079 1501 1131 1577; x_wconf 90' lang='lat' dir='ltr'>qui</span> <span class='ocrx_word' id='word_1_82' title='bbox 1152 1497 1275 1556; x_wconf 84' lang='lat' dir='ltr'>insidias</span> 
     </span>
     <span class='ocr_line' id='line_1_12' title="bbox 206 1605 1276 1692; baseline 0 -26"><span class='ocrx_word' id='word_1_83' title='bbox 206 1617 392 1686; x_wconf 87' lang='lat' dir='ltr'>paraverant,</span> <span class='ocrx_word' id='word_1_84' title='bbox 409 1612 568 1688; x_wconf 83' lang='lat' dir='ltr'>superavit.</span> <span class='ocrx_word' id='word_1_85' title='bbox 617 1605 763 1692; x_wconf 81' lang='grc' dir='ltr'>Μέρμερα</span> <span class='ocrx_word' id='word_1_86' title='bbox 782 1617 880 1668; x_wconf 85' lang='lat' dir='ltr'>autem</span> <span class='ocrx_word' id='word_1_87' title='bbox 898 1609 972 1691; x_wconf 78' lang='grc' dir='ltr'><strong>ἔργα</strong></span> <span class='ocrx_word' id='word_1_88' title='bbox 988 1610 1165 1686; x_wconf 88' lang='lat' dir='ltr'>germanicis</span> <span class='ocrx_word' id='word_1_89' title='bbox 1178 1607 1276 1667; x_wconf 88' lang='lat' dir='ltr'>verbis</span> 
     </span>
     <span class='ocr_line' id='line_1_13' title="bbox 208 1716 1275 1796; baseline 0 -20"><span class='ocrx_word' id='word_1_90' title='bbox 208 1718 445 1794; x_wconf 82' lang='lat' dir='ltr'>„denkwiirdige</span> <span class='ocrx_word' id='word_1_91' title='bbox 459 1719 598 1778; x_wconf 72' lang='lat' dir='ltr'>&#39;l‘haten“</span> <span class='ocrx_word' id='word_1_92' title='bbox 613 1719 790 1796; x_wconf 92' lang='lat' dir='ltr'>respondere</span> <span class='ocrx_word' id='word_1_93' title='bbox 802 1718 964 1778; x_wconf 77' lang='lat' dir='ltr'>Gaoaems</span> <span class='ocrx_word' id='word_1_94' title='bbox 978 1718 1117 1778; x_wconf 71' lang='lat' dir='ltr'>(luamus</span> <span class='ocrx_word' id='word_1_95' title='bbox 1131 1716 1275 1793; x_wconf 80' lang='lat' dir='ltr'>(Grundn.</span> 
     </span>
     <span class='ocr_line' id='line_1_14' title="bbox 207 1827 1277 1909; baseline 0 -23"><span class='ocrx_word' id='word_1_96' title='bbox 207 1849 234 1906; x_wconf 88' lang='lat' dir='ltr'>p.</span> <span class='ocrx_word' id='word_1_97' title='bbox 258 1829 332 1905; x_wconf 82' lang='lat'>308)</span> <span class='ocrx_word' id='word_1_98' title='bbox 353 1829 460 1887; x_wconf 89' lang='lat' dir='ltr'>docuit.</span> <span class='ocrx_word' id='word_1_99' title='bbox 505 1829 554 1886; x_wconf 83' lang='lat' dir='ltr'>Ex</span> <span class='ocrx_word' id='word_1_100' title='bbox 575 1829 621 1886; x_wconf 91' lang='lat' dir='ltr'>his</span> <span class='ocrx_word' id='word_1_101' title='bbox 640 1838 744 1909; x_wconf 88' lang='lat' dir='ltr'>autem</span> <span class='ocrx_word' id='word_1_102' title='bbox 759 1827 906 1902; x_wconf 89' lang='lat' dir='ltr'>omnibus,</span> <span class='ocrx_word' id='word_1_103' title='bbox 929 1849 1005 1906; x_wconf 89' lang='lat' dir='ltr'>quae</span> <span class='ocrx_word' id='word_1_104' title='bbox 1030 1827 1117 1886; x_wconf 90' lang='lat' dir='ltr'>modo</span> <span class='ocrx_word' id='word_1_105' title='bbox 1142 1829 1277 1906; x_wconf 88' lang='lat' dir='ltr'>exposita</span> 
     </span>
     <span class='ocr_line' id='line_1_15' title="bbox 207 1936 1277 2017; baseline 0.001 -22"><span class='ocrx_word' id='word_1_106' title='bbox 207 1946 286 2008; x_wconf 84' lang='lat' dir='ltr'>sunt,</span> <span class='ocrx_word' id='word_1_107' title='bbox 302 1947 435 2017; x_wconf 87' lang='lat' dir='ltr'>apparet,</span> <span class='ocrx_word' id='word_1_108' title='bbox 458 1938 571 2013; x_wconf 89' lang='lat' dir='ltr'>legatos</span> <span class='ocrx_word' id='word_1_109' title='bbox 595 1947 625 1996; x_wconf 91' lang='lat' dir='ltr'>et</span> <span class='ocrx_word' id='word_1_110' title='bbox 651 1958 811 2017; x_wconf 71' lang='lat' dir='ltr'>praecones</span> <span class='ocrx_word' id='word_1_111' title='bbox 836 1939 899 1996; x_wconf 89' lang='lat' dir='ltr'>iure</span> <span class='ocrx_word' id='word_1_112' title='bbox 925 1938 1052 2015; x_wconf 89' lang='lat' dir='ltr'>quodam</span> <span class='ocrx_word' id='word_1_113' title='bbox 1079 1936 1117 1996; x_wconf 85' lang='lat' dir='ltr'>ab</span> <span class='ocrx_word' id='word_1_114' title='bbox 1142 1937 1277 1997; x_wconf 88' lang='lat' dir='ltr'>omnibus</span> 
     </span>
     <span class='ocr_line' id='line_1_16' title="bbox 201 2046 1279 2122; baseline 0.001 -17"><span class='ocrx_word' id='word_1_115' title='bbox 201 2049 344 2107; x_wconf 77' lang='lat' dir='ltr'>defensos</span> <span class='ocrx_word' id='word_1_116' title='bbox 359 2069 430 2108; x_wconf 90' lang='lat' dir='ltr'>esse.</span> <span class='ocrx_word' id='word_1_117' title='bbox 475 2048 560 2122; x_wconf 81' lang='lat' dir='ltr'>Quae</span> <span class='ocrx_word' id='word_1_118' title='bbox 576 2069 642 2107; x_wconf 94' lang='lat' dir='ltr'>cum</span> <span class='ocrx_word' id='word_1_119' title='bbox 657 2050 700 2106; x_wconf 91' lang='lat' dir='ltr'>ita</span> <span class='ocrx_word' id='word_1_120' title='bbox 715 2067 777 2107; x_wconf 91' lang='lat' dir='ltr'>sese</span> <span class='ocrx_word' id='word_1_121' title='bbox 792 2046 930 2120; x_wconf 85' lang='lat' dir='ltr'>habeant,</span> <span class='ocrx_word' id='word_1_122' title='bbox 954 2049 1026 2106; x_wconf 86' lang='lat' dir='ltr'>haec</span> <span class='ocrx_word' id='word_1_123' title='bbox 1047 2049 1279 2107; x_wconf 88' lang='lat' dir='ltr'>luculentissima</span> 
     </span>
    </p>
   </div>
   <div class='ocr_carea' id='block_1_5' title="bbox 116 2157 1281 2236">
    <p class='ocr_par' dir='ltr' id='par_1_6' title="bbox 116 2157 1281 2236">
     <span class='ocr_line' id='line_1_17' title="bbox 116 2157 1281 2236; baseline 0 -20"><span class='ocrx_word' id='word_1_124' title='bbox 116 2204 118 2208; x_wconf 89' lang='lat'><em>.</em></span> <span class='ocrx_word' id='word_1_125' title='bbox 206 2159 278 2216; x_wconf 89' lang='lat' dir='ltr'>iuris</span> <span class='ocrx_word' id='word_1_126' title='bbox 315 2160 448 2235; x_wconf 86' lang='lat' dir='ltr'>gentium</span> <span class='ocrx_word' id='word_1_127' title='bbox 484 2160 611 2235; x_wconf 84' lang='lat' dir='ltr'>vestigia</span> <span class='ocrx_word' id='word_1_128' title='bbox 645 2178 707 2216; x_wconf 88' lang='lat' dir='ltr'>esse</span> <span class='ocrx_word' id='word_1_129' title='bbox 737 2177 851 2216; x_wconf 89' lang='lat' dir='ltr'>censeo.</span> <span class='ocrx_word' id='word_1_130' title='bbox 909 2157 980 2215; x_wconf 84' lang='lat' dir='ltr'>Alia</span> <span class='ocrx_word' id='word_1_131' title='bbox 1008 2178 1124 2236; x_wconf 90' lang='lat' dir='ltr'>quoque</span> <span class='ocrx_word' id='word_1_132' title='bbox 1153 2159 1281 2234; x_wconf 88' lang='lat' dir='ltr'>vestigia</span> 
     </span>
    </p>
   </div>
   <div class='ocr_carea' id='block_1_6' title="bbox 205 2266 1281 4105">
    <p class='ocr_par' dir='ltr' id='par_1_7' title="bbox 205 2266 1278 2567">
     <span class='ocr_line' id='line_1_18' title="bbox 206 2266 1278 2347; baseline -0.003 -19"><span class='ocrx_word' id='word_1_133' title='bbox 206 2277 333 2341; x_wconf 84' lang='lat' dir='ltr'>exstant,</span> <span class='ocrx_word' id='word_1_134' title='bbox 346 2267 480 2347; x_wconf 88' lang='lat' dir='ltr'>equibus</span> <span class='ocrx_word' id='word_1_135' title='bbox 495 2287 654 2347; x_wconf 85' lang='lat' dir='ltr'>praecones</span> <span class='ocrx_word' id='word_1_136' title='bbox 665 2270 728 2326; x_wconf 88' lang='lat' dir='ltr'>iure</span> <span class='ocrx_word' id='word_1_137' title='bbox 744 2287 796 2325; x_wconf 92' lang='lat' dir='ltr'>suo</span> <span class='ocrx_word' id='word_1_138' title='bbox 808 2266 943 2326; x_wconf 85' lang='lat' dir='ltr'>defensos</span> <span class='ocrx_word' id='word_1_139' title='bbox 958 2285 1021 2325; x_wconf 88' lang='lat' dir='ltr'>esse</span> <span class='ocrx_word' id='word_1_140' title='bbox 1032 2267 1136 2326; x_wconf 88' lang='lat' dir='ltr'>elucet.</span> <span class='ocrx_word' id='word_1_141' title='bbox 1164 2267 1278 2326; x_wconf 89' lang='lat' dir='ltr'>Notum</span> 
     </span>
     <span class='ocr_line' id='line_1_19' title="bbox 206 2367 1278 2456; baseline -0.003 -19"><span class='ocrx_word' id='word_1_142' title='bbox 206 2380 284 2437; x_wconf 91' lang='lat' dir='ltr'>enim</span> <span class='ocrx_word' id='word_1_143' title='bbox 299 2386 351 2451; x_wconf 87' lang='lat' dir='ltr'>cst,</span> <span class='ocrx_word' id='word_1_144' title='bbox 365 2398 525 2456; x_wconf 91' lang='lat' dir='ltr'>praecones</span> <span class='ocrx_word' id='word_1_145' title='bbox 536 2377 703 2438; x_wconf 87' lang='lat' dir='ltr'>foederibus</span> <span class='ocrx_word' id='word_1_146' title='bbox 714 2377 838 2436; x_wconf 91' lang='lat' dir='ltr'>iciendis</span> <span class='ocrx_word' id='word_1_147' title='bbox 850 2377 1026 2436; x_wconf 88' lang='lat' dir='ltr'>interfuisse.</span> <span class='ocrx_word' id='word_1_148' title='bbox 1053 2376 1095 2434; x_wconf 84' lang='lat' dir='ltr'>Et</span> <span class='ocrx_word' id='word_1_149' title='bbox 1106 2376 1143 2436; x_wconf 91' lang='lat' dir='ltr'>de</span> <span class='ocrx_word' id='word_1_150' title='bbox 1155 2367 1278 2436; x_wconf 89' lang='lat' dir='ltr'>foederi-</span> 
     </span>
     <span class='ocr_line' id='line_1_20' title="bbox 205 2487 700 2567; baseline 0.01 -22"><span class='ocrx_word' id='word_1_151' title='bbox 205 2487 259 2546; x_wconf 91' lang='lat' dir='ltr'>bus</span> <span class='ocrx_word' id='word_1_152' title='bbox 275 2487 394 2567; x_wconf 90' lang='lat' dir='ltr'>quidem</span> <span class='ocrx_word' id='word_1_153' title='bbox 409 2490 468 2546; x_wconf 88' lang='lat' dir='ltr'>iam</span> <span class='ocrx_word' id='word_1_154' title='bbox 483 2487 632 2566; x_wconf 88' lang='lat' dir='ltr'>agendum</span> <span class='ocrx_word' id='word_1_155' title='bbox 648 2496 700 2550; x_wconf 88' lang='lat' dir='ltr'>est.</span> 
     </span>
    </p>

    <p class='ocr_par' dir='ltr' id='par_1_8' title="bbox 206 2595 1281 4105">
     <span class='ocr_line' id='line_1_21' title="bbox 271 2595 1280 2674; baseline 0 -18"><span class='ocrx_word' id='word_1_156' title='bbox 271 2599 392 2658; x_wconf 83' lang='lat' dir='ltr'>Etenim</span> <span class='ocrx_word' id='word_1_157' title='bbox 408 2599 597 2658; x_wconf 88' lang='lat' dir='ltr'>manifestum</span> <span class='ocrx_word' id='word_1_158' title='bbox 612 2618 675 2656; x_wconf 88' lang='lat' dir='ltr'>esse</span> <span class='ocrx_word' id='word_1_159' title='bbox 697 2598 770 2656; x_wconf 91' lang='lat' dir='ltr'>mihi</span> <span class='ocrx_word' id='word_1_160' title='bbox 791 2597 916 2669; x_wconf 85' lang='lat' dir='ltr'>videtur,</span> <span class='ocrx_word' id='word_1_161' title='bbox 938 2595 1059 2656; x_wconf 85' lang='lat' dir='ltr'>foedera</span> <span class='ocrx_word' id='word_1_162' title='bbox 1078 2598 1155 2655; x_wconf 88' lang='lat' dir='ltr'>inter</span> <span class='ocrx_word' id='word_1_163' title='bbox 1176 2605 1280 2674; x_wconf 86' lang='lat' dir='ltr'>gentes</span> 
     </span>
     <span class='ocr_line' id='line_1_22' title="bbox 206 2707 1281 2784; baseline -0.001 -18"><span class='ocrx_word' id='word_1_164' title='bbox 206 2707 315 2768; x_wconf 87' lang='lat' dir='ltr'>liberas</span> <span class='ocrx_word' id='word_1_165' title='bbox 346 2709 427 2767; x_wconf 83' lang='lat' dir='ltr'>facta</span> <span class='ocrx_word' id='word_1_166' title='bbox 448 2707 682 2767; x_wconf 88' lang='lat' dir='ltr'>luculentissima</span> <span class='ocrx_word' id='word_1_167' title='bbox 705 2709 776 2766; x_wconf 89' lang='lat' dir='ltr'>iuris</span> <span class='ocrx_word' id='word_1_168' title='bbox 797 2708 930 2784; x_wconf 87' lang='lat' dir='ltr'>gentium</span> <span class='ocrx_word' id='word_1_169' title='bbox 952 2708 1080 2782; x_wconf 86' lang='lat' dir='ltr'>vestigia</span> <span class='ocrx_word' id='word_1_170' title='bbox 1101 2726 1172 2766; x_wconf 89' lang='lat' dir='ltr'>csse.</span> <span class='ocrx_word' id='word_1_171' title='bbox 1216 2708 1281 2766; x_wconf 91' lang='lat' dir='ltr'>Iam</span> 
     </span>
     <span class='ocr_line' id='line_1_23' title="bbox 207 2815 1279 2896; baseline -0.001 -20"><span class='ocrx_word' id='word_1_172' title='bbox 207 2838 298 2896; x_wconf 86' lang='lat' dir='ltr'>supra</span> <span class='ocrx_word' id='word_1_173' title='bbox 324 2825 583 2877; x_wconf 89' lang='lat' dir='ltr'>commemoratum</span> <span class='ocrx_word' id='word_1_174' title='bbox 609 2827 663 2890; x_wconf 88' lang='lat' dir='ltr'>est,</span> <span class='ocrx_word' id='word_1_175' title='bbox 689 2818 800 2877; x_wconf 92' lang='lat' dir='ltr'>bellum</span> <span class='ocrx_word' id='word_1_176' title='bbox 826 2815 912 2875; x_wconf 93' lang='lat' dir='ltr'>modo</span> <span class='ocrx_word' id='word_1_177' title='bbox 937 2816 1082 2875; x_wconf 90' lang='lat' dir='ltr'>indictum</span> <span class='ocrx_word' id='word_1_178' title='bbox 1107 2816 1194 2875; x_wconf 93' lang='lat' dir='ltr'>modo</span> <span class='ocrx_word' id='word_1_179' title='bbox 1218 2837 1279 2875; x_wconf 89' lang='lat' dir='ltr'>non</span> 
     </span>
     <span class='ocr_line' id='line_1_24' title="bbox 206 2926 1279 3006; baseline -0.001 -21"><span class='ocrx_word' id='word_1_180' title='bbox 206 2926 352 2986; x_wconf 90' lang='lat' dir='ltr'>indictum</span> <span class='ocrx_word' id='word_1_181' title='bbox 367 2947 431 2987; x_wconf 86' lang='lat' dir='ltr'>esse</span> <span class='ocrx_word' id='word_1_182' title='bbox 450 2927 555 2987; x_wconf 84' lang='lat' dir='ltr'>videri.</span> <span class='ocrx_word' id='word_1_183' title='bbox 601 2927 677 2988; x_wconf 77' lang='lat' dir='ltr'>(lum</span> <span class='ocrx_word' id='word_1_184' title='bbox 699 2929 779 2988; x_wconf 92' lang='lat' dir='ltr'>enim</span> <span class='ocrx_word' id='word_1_185' title='bbox 802 2927 905 2986; x_wconf 85' lang='lat' dir='ltr'>Ulixes</span> <span class='ocrx_word' id='word_1_186' title='bbox 927 2945 1015 3004; x_wconf 87' lang='lat' dir='ltr'>saepe</span> <span class='ocrx_word' id='word_1_187' title='bbox 1037 2927 1179 3003; x_wconf 84' lang='lat' dir='ltr'>glorietur</span> <span class='ocrx_word' id='word_1_188' title='bbox 1199 2926 1279 3006; x_wconf 91' lang='lat' dir='ltr'>quod</span> 
     </span>
     <span class='ocr_line' id='line_1_25' title="bbox 210 3036 1278 3117; baseline -0.001 -22"><span class='ocrx_word' id='word_1_189' title='bbox 210 3037 418 3115; x_wconf 83' lang='lat' dir='ltr'>praedationes</span> <span class='ocrx_word' id='word_1_190' title='bbox 444 3038 548 3097; x_wconf 89' lang='lat' dir='ltr'>fecerit</span> <span class='ocrx_word' id='word_1_191' title='bbox 575 3057 702 3117; x_wconf 92' lang='lat' dir='ltr'>cumque</span> <span class='ocrx_word' id='word_1_192' title='bbox 723 3037 834 3096; x_wconf 87' lang='lat' dir='ltr'>Nestor</span> <span class='ocrx_word' id='word_1_193' title='bbox 860 3057 977 3116; x_wconf 89' lang='lat' dir='ltr'>quoquc</span> <span class='ocrx_word' id='word_1_194' title='bbox 999 3044 1110 3110; x_wconf 85' lang='lat' dir='ltr'>narret,</span> <span class='ocrx_word' id='word_1_195' title='bbox 1133 3036 1278 3114; x_wconf 92' lang='lat' dir='ltr'>quomodo</span> 
     </span>
     <span class='ocr_line' id='line_1_26' title="bbox 207 3121 1278 3227; baseline -0.002 -21"><span class='ocrx_word' id='word_1_196' title='bbox 207 3148 324 3207; x_wconf 89' lang='lat' dir='ltr'>iuvenis</span> <span class='ocrx_word' id='word_1_197' title='bbox 338 3147 464 3227; x_wconf 87' lang='lat' dir='ltr'>praedas</span> <span class='ocrx_word' id='word_1_198' title='bbox 480 3149 592 3222; x_wconf 86' lang='lat' dir='ltr'>fecerit,</span> <span class='ocrx_word' id='word_1_199' title='bbox 608 3148 697 3206; x_wconf 88' lang='lat' dir='ltr'>facile</span> <span class='ocrx_word' id='word_1_200' title='bbox 713 3156 757 3206; x_wconf 89' lang='lat' dir='ltr'>est</span> <span class='ocrx_word' id='word_1_201' title='bbox 772 3147 922 3225; x_wconf 85' lang='lat' dir='ltr'>suspicatu</span> <span class='ocrx_word' id='word_1_202' title='bbox 933 3147 1053 3204; x_wconf 91' lang='lat' dir='ltr'>omnino</span> <span class='ocrx_word' id='word_1_203' title='bbox 1068 3148 1126 3204; x_wconf 88' lang='lat' dir='ltr'>illis</span> <span class='ocrx_word' id='word_1_204' title='bbox 1142 3121 1278 3225; x_wconf 86' lang='lat' dir='ltr'>tempori-</span> 
     </span>
     <span class='ocr_line' id='line_1_27' title="bbox 207 3256 1278 3334; baseline -0.002 -18"><span class='ocrx_word' id='word_1_205' title='bbox 207 3257 261 3316; x_wconf 81' lang='lat' dir='ltr'>bus</span> <span class='ocrx_word' id='word_1_206' title='bbox 276 3258 356 3317; x_wconf 89' lang='lat' dir='ltr'>belle</span> <span class='ocrx_word' id='word_1_207' title='bbox 377 3279 436 3317; x_wconf 92' lang='lat' dir='ltr'>non</span> <span class='ocrx_word' id='word_1_208' title='bbox 457 3277 519 3317; x_wconf 86' lang='lat' dir='ltr'>esse</span> <span class='ocrx_word' id='word_1_209' title='bbox 539 3258 661 3317; x_wconf 91' lang='lat' dir='ltr'>indicta.</span> <span class='ocrx_word' id='word_1_210' title='bbox 699 3256 812 3331; x_wconf 80' lang='lat' dir='ltr'>Quodsi</span> <span class='ocrx_word' id='word_1_211' title='bbox 827 3257 931 3331; x_wconf 86' lang='lat' dir='ltr'>negari</span> <span class='ocrx_word' id='word_1_212' title='bbox 947 3258 1057 3334; x_wconf 83' lang='lat' dir='ltr'>nequit,</span> <span class='ocrx_word' id='word_1_213' title='bbox 1072 3257 1139 3314; x_wconf 89' lang='lat' dir='ltr'>illas</span> <span class='ocrx_word' id='word_1_214' title='bbox 1154 3256 1278 3334; x_wconf 88' lang='lat' dir='ltr'>praeda·</span> 
     </span>
     <span class='ocr_line' id='line_1_28' title="bbox 206 3357 1277 3439; baseline -0.002 -14"><span class='ocrx_word' id='word_1_215' title='bbox 206 3369 300 3426; x_wconf 91' lang='lat' dir='ltr'>tiones</span> <span class='ocrx_word' id='word_1_216' title='bbox 315 3367 353 3426; x_wconf 93' lang='lat' dir='ltr'>ab</span> <span class='ocrx_word' id='word_1_217' title='bbox 368 3369 459 3427; x_wconf 88' lang='lat' dir='ltr'>Ulixe</span> <span class='ocrx_word' id='word_1_218' title='bbox 475 3377 504 3427; x_wconf 92' lang='lat' dir='ltr'>et</span> <span class='ocrx_word' id='word_1_219' title='bbox 519 3357 646 3428; x_wconf 85' lang='lat' dir='ltr'>Nestore</span> <span class='ocrx_word' id='word_1_220' title='bbox 660 3369 755 3426; x_wconf 87' lang='lat' dir='ltr'>factas</span> <span class='ocrx_word' id='word_1_221' title='bbox 771 3376 858 3426; x_wconf 88' lang='lat' dir='ltr'>antea</span> <span class='ocrx_word' id='word_1_222' title='bbox 873 3388 933 3426; x_wconf 92' lang='lat' dir='ltr'>non</span> <span class='ocrx_word' id='word_1_223' title='bbox 949 3386 1011 3425; x_wconf 88' lang='lat' dir='ltr'>esse</span> <span class='ocrx_word' id='word_1_224' title='bbox 1026 3367 1162 3439; x_wconf 87' lang='lat' dir='ltr'>indictas,</span> <span class='ocrx_word' id='word_1_225' title='bbox 1177 3375 1277 3425; x_wconf 86' lang='lat' dir='ltr'>tamen</span> 
     </span>
     <span class='ocr_line' id='line_1_29' title="bbox 206 3475 1277 3557; baseline -0.005 -19"><span class='ocrx_word' id='word_1_226' title='bbox 206 3498 308 3538; x_wconf 83' lang='lat' dir='ltr'>versus</span> <span class='ocrx_word' id='word_1_227' title='bbox 326 3497 442 3557; x_wconf 90' lang='lat' dir='ltr'>quoque</span> <span class='ocrx_word' id='word_1_228' title='bbox 463 3479 667 3549; x_wconf 89' lang='lat' dir='ltr'>inveniuntur,</span> <span class='ocrx_word' id='word_1_229' title='bbox 694 3477 800 3556; x_wconf 89' lang='lat' dir='ltr'>quibus</span> <span class='ocrx_word' id='word_1_230' title='bbox 820 3478 966 3547; x_wconf 85' lang='lat' dir='ltr'>adducar,</span> <span class='ocrx_word' id='word_1_231' title='bbox 994 3486 1026 3535; x_wconf 90' lang='lat' dir='ltr'>ut</span> <span class='ocrx_word' id='word_1_232' title='bbox 1041 3475 1174 3548; x_wconf 89' lang='lat' dir='ltr'>credam,</span> <span class='ocrx_word' id='word_1_233' title='bbox 1198 3475 1277 3534; x_wconf 88' lang='lat' dir='ltr'>bella</span> 
     </span>
     <span class='ocr_line' id='line_1_30' title="bbox 208 3584 1277 3663; baseline -0.005 -17"><span class='ocrx_word' id='word_1_234' title='bbox 208 3607 271 3646; x_wconf 90' lang='lat' dir='ltr'>esse</span> <span class='ocrx_word' id='word_1_235' title='bbox 285 3587 406 3646; x_wconf 87' lang='lat' dir='ltr'>indicta.</span> <span class='ocrx_word' id='word_1_236' title='bbox 451 3586 605 3661; x_wconf 80' lang='lat' dir='ltr'>Quaenam</span> <span class='ocrx_word' id='word_1_237' title='bbox 622 3596 685 3647; x_wconf 88' lang='lat' dir='ltr'>erat</span> <span class='ocrx_word' id='word_1_238' title='bbox 700 3609 789 3646; x_wconf 87' lang='lat' dir='ltr'>eausa</span> <span class='ocrx_word' id='word_1_239' title='bbox 805 3608 856 3646; x_wconf 90' lang='lat' dir='ltr'>cur</span> <span class='ocrx_word' id='word_1_240' title='bbox 872 3585 978 3646; x_wconf 84' lang='lat' dir='ltr'>Graeci</span> <span class='ocrx_word' id='word_1_241' title='bbox 993 3594 1152 3663; x_wconf 87' lang='lat' dir='ltr'>antequam</span> <span class='ocrx_word' id='word_1_242' title='bbox 1167 3584 1277 3644; x_wconf 91' lang='lat' dir='ltr'>bellum</span> 
     </span>
     <span class='ocr_line' id='line_1_31' title="bbox 207 3696 1276 3777; baseline -0.004 -21"><span class='ocrx_word' id='word_1_243' title='bbox 207 3699 382 3777; x_wconf 89' lang='lat' dir='ltr'>inceperunt</span> <span class='ocrx_word' id='word_1_244' title='bbox 392 3698 510 3757; x_wconf 85' lang='lat' dir='ltr'>Ulixem</span> <span class='ocrx_word' id='word_1_245' title='bbox 519 3697 746 3777; x_wconf 91' lang='lat' dir='ltr'>Menelaumque</span> <span class='ocrx_word' id='word_1_246' title='bbox 758 3731 791 3738; x_wconf 97' lang='lat'>—</span> <span class='ocrx_word' id='word_1_247' title='bbox 808 3705 841 3754; x_wconf 89' lang='lat' dir='ltr'>ut</span> <span class='ocrx_word' id='word_1_248' title='bbox 850 3696 1004 3774; x_wconf 87' lang='lat' dir='ltr'>supraiam</span> <span class='ocrx_word' id='word_1_249' title='bbox 1014 3715 1030 3752; x_wconf 89' lang='lat' dir='ltr'>a</span> <span class='ocrx_word' id='word_1_250' title='bbox 1042 3713 1089 3752; x_wconf 93' lang='lat' dir='ltr'>me</span> <span class='ocrx_word' id='word_1_251' title='bbox 1104 3713 1276 3752; x_wconf 90' lang='lat' dir='ltr'>commemo·</span> 
     </span>
     <span class='ocr_line' id='line_1_32' title="bbox 207 3803 1276 3884; baseline -0.004 -18"><span class='ocrx_word' id='word_1_252' title='bbox 207 3818 304 3867; x_wconf 86' lang='lat' dir='ltr'>ratum</span> <span class='ocrx_word' id='word_1_253' title='bbox 326 3816 370 3867; x_wconf 87' lang='lat' dir='ltr'>est</span> <span class='ocrx_word' id='word_1_254' title='bbox 393 3841 432 3850; x_wconf 90' lang='lat'><em>-</em></span> <span class='ocrx_word' id='word_1_255' title='bbox 456 3808 577 3866; x_wconf 84' lang='lat' dir='ltr'>Troiam</span> <span class='ocrx_word' id='word_1_256' title='bbox 600 3807 714 3884; x_wconf 87' lang='lat' dir='ltr'>legatos</span> <span class='ocrx_word' id='word_1_257' title='bbox 736 3804 906 3865; x_wconf 81' lang='lat' dir='ltr'>mitterent?</span> <span class='ocrx_word' id='word_1_258' title='bbox 937 3805 1063 3862; x_wconf 86' lang='lat' dir='ltr'>Etiamsi</span> <span class='ocrx_word' id='word_1_259' title='bbox 1086 3804 1156 3882; x_wconf 90' lang='lat' dir='ltr'>ipsis</span> <span class='ocrx_word' id='word_1_260' title='bbox 1179 3803 1276 3862; x_wconf 89' lang='lat' dir='ltr'>verbis</span> 
     </span>
     <span class='ocr_line' id='line_1_33' title="bbox 209 3913 1279 3996; baseline -0.005 -21"><span class='ocrx_word' id='word_1_261' title='bbox 209 3919 364 3977; x_wconf 88' lang='lat' dir='ltr'>homericis</span> <span class='ocrx_word' id='word_1_262' title='bbox 390 3916 509 3996; x_wconf 90' lang='lat' dir='ltr'>probari</span> <span class='ocrx_word' id='word_1_263' title='bbox 535 3938 594 3976; x_wconf 92' lang='lat' dir='ltr'>non</span> <span class='ocrx_word' id='word_1_264' title='bbox 622 3923 725 3994; x_wconf 87' lang='lat' dir='ltr'>potest,</span> <span class='ocrx_word' id='word_1_265' title='bbox 749 3935 835 3974; x_wconf 87' lang='lat' dir='ltr'>nemo</span> <span class='ocrx_word' id='word_1_266' title='bbox 863 3924 964 3973; x_wconf 88' lang='lat' dir='ltr'>tamen</span> <span class='ocrx_word' id='word_1_267' title='bbox 993 3914 1082 3972; x_wconf 80' lang='lat' dir='ltr'>aliern</span> <span class='ocrx_word' id='word_1_268' title='bbox 1108 3933 1226 3971; x_wconf 88' lang='lat' dir='ltr'>causam</span> <span class='ocrx_word' id='word_1_269' title='bbox 1242 3913 1279 3971; x_wconf 87' lang='lat' dir='ltr'>iis</span> 
     </span>
     <span class='ocr_line' id='line_1_34' title="bbox 208 4023 1275 4105; baseline -0.004 -21"><span class='ocrx_word' id='word_1_270' title='bbox 208 4028 299 4086; x_wconf 89' lang='lat' dir='ltr'>fuisse</span> <span class='ocrx_word' id='word_1_271' title='bbox 334 4026 452 4086; x_wconf 86' lang='lat' dir='ltr'>videtur</span> <span class='ocrx_word' id='word_1_272' title='bbox 487 4027 631 4105; x_wconf 87' lang='lat' dir='ltr'>suspicari</span> <span class='ocrx_word' id='word_1_273' title='bbox 664 4046 753 4104; x_wconf 88' lang='lat' dir='ltr'>quam</span> <span class='ocrx_word' id='word_1_274' title='bbox 786 4024 863 4104; x_wconf 91' lang='lat' dir='ltr'>quod</span> <span class='ocrx_word' id='word_1_275' title='bbox 894 4023 1042 4082; x_wconf 89' lang='lat' dir='ltr'>Helenam</span> <span class='ocrx_word' id='word_1_276' title='bbox 1076 4031 1210 4102; x_wconf 84' lang='lat' dir='ltr'>peterent</span> <span class='ocrx_word' id='word_1_277' title='bbox 1238 4030 1275 4094; x_wconf 88' lang='lat' dir='ltr'>et,</span> 
     </span>
    </p>
   </div>
   <div class='ocr_carea' id='block_1_7' title="bbox 0 0 1595 4898">
    <p class='ocr_par' dir='ltr' id='par_1_9' title="bbox 0 0 1595 4898">
     <span class='ocr_line' id='line_1_35' title="bbox 0 0 1595 4898; baseline 0 0"><span class='ocrx_word' id='word_1_278' title='bbox 0 0 1595 4898; x_wconf 95' lang='lat' dir='ltr'> </span> 
     </span>
    </p>
   </div>
  </div>
 </body>
</html>
