3176 4898
635 367 757 460 ,Εἴ
767 454 836 460 „-

264 557 353 618 Adde
368 557 447 638 quod
462 557 540 616 idem
555 555 633 614 Dolo
647 555 749 634 paullo
763 564 829 635 post
845 553 917 613 dicit
932 549 959 612 li
977 556 1038 613 378
1054 572 1108 632 sqq

173 701 181 714 ι
246 676 247 679 ’
353 657 501 754 ζωγρεῖτ’,
516 663 613 751 αὐτάρ
630 658 709 750 ἐγοὶν
725 661 781 747 ἐμὲ
794 660 939 747 λύσομαι·
956 664 1022 724 ἔστι
1035 661 1094 748 γάρ
1112 652 1198 722 ἔνδον

351 775 465 861 χαλκός
479 797 516 838 τε
529 773 636 862 χρυσός
651 795 687 836 τε
701 772 899 858 πολύκμητός
914 795 951 834 τε
965 766 1085 857 σίδηρος
1174 790 1177 795 ·

353 891 417 948 τῶν
432 886 456 947 κ’
477 885 568 973 ὔμμιν
584 883 741 970 χαρίσαιτο
756 882 858 968 πατὴρ
874 880 1010 969 ἀπερείσι’
1031 880 1151 960 άποινα,

353 999 444 1059 εἶκεν
460 993 515 1080 ἐμὲ
530 986 607 1070 ζωὸν
622 993 772 1056 πεπύθοιτ’
792 994 840 1056 ἐπὶ
856 993 958 1067 νηυσὶν
969 991 1118 1079 Ἀχαιῶν.

266 1133 380 1208 Quibus
395 1154 433 1193 ex
447 1133 580 1194 versibus
600 1133 833 1192 luculentissime
852 1138 985 1210 apparet,
1007 1130 1091 1189 illum
1106 1128 1272 1188 Eumedem

178 1301 179 1304 ,
203 1264 377 1323 praeconem
403 1244 502 1302 multis
518 1251 547 1302 et
567 1245 683 1319 magnis
709 1241 819 1301 divitiis
841 1241 1008 1320 praeditum
1030 1241 1129 1299 fuisse.
1173 1236 1272 1313 Quum

202 1366 301 1414 autern
317 1353 423 1413 divites
438 1372 597 1431 praecones
612 1361 718 1426 essent,
731 1360 961 1411 consentaneum
976 1359 1020 1410 est
1035 1371 1083 1410 eos
1097 1370 1157 1408 non
1173 1368 1272 1408 servos

202 1465 301 1536 fuisse,
317 1484 495 1542 quamquam
510 1483 613 1539 regum
628 1463 754 1521 ministri
768 1461 964 1521 vocabantur:
981 1461 1017 1518 cf.
1034 1459 1064 1518 A
1080 1462 1142 1519 320
1155 1479 1190 1537 sq

357 1587 423 1649 ἀλλ’
443 1589 459 1649 ‘d
474 1609 510 1674 γε
525 1584 696 1667 Ταλθύβιόν
711 1608 747 1648 τε
764 1585 817 1648 καὶ
835 1584 1013 1670 Εὐρυβάτην
1028 1582 1201 1669 προσέειπεν

356 1699 402 1759 τώ
417 1704 444 1760 οἱ
461 1702 533 1760 ἔσαν
549 1700 658 1782 κήρυκε
673 1696 725 1758 καὶ
742 1692 858 1782 ὀτρηροὶ
876 1692 1042 1780 θεράποντε

203 1848 383 1906 quamquam
398 1829 476 1886 infra
490 1827 666 1900 videbimus
682 1847 730 1886 eos
751 1825 853 1884 multis
872 1823 1042 1883 muneribus
1064 1824 1181 1882 functos
1202 1844 1273 1897 esse,

205 1957 282 2016 quae
302 1957 400 1996 servos
423 1939 500 2016 ipsos
520 1938 738 1996 administrasse
758 1937 846 1995 facilc
865 1936 1033 1995 conieceris.
1080 1934 1122 1992 Et
1146 1935 1177 1992 in
1203 1934 1274 2011 ipsis

205 2048 326 2126 quidem
342 2047 519 2106 carminibus
536 2039 706 2131 δημιοεργοὶ
726 2066 884 2125 praecones
908 2045 1105 2123 appellantur,
1126 2065 1147 2102 τ
1164 2045 1224 2103 134
1241 2064 1274 2122 sq

357 2160 404 2236 τῷ
419 2153 490 2217 ούτε
506 2151 609 2234 ξείνων
625 2145 799 2240 ἐμπάζομαι
814 2152 873 2215 ott
892 2153 1021 2214 ἱκετάων

357 2265 431 2328 ούτε
444 2289 476 2327 τι
489 2265 637 2351 κηρύκων,
654 2270 683 2328 οὶ
696 2257 867 2353 δημιοεργοὶ
883 2266 975 2326 ἔασιν.
1069 2275 1070 2278 ’

271 2403 333 2463 Sed
349 2405 470 2483 quinam
486 2389 530 2462 illi
546 2411 622 2478 suut,
638 2405 689 2483 qui
705 2394 878 2490 δημιοεργοὶ
892 2400 1141 2462 nominabantur?
1158 2400 1275 2460 Senon·

207 2531 334 2574 nunnus
349 2512 480 2588 (Griech.
497 2512 626 2573 Alterth.
648 2521 672 2587 1,
688 2535 716 2593 p.
734 2513 787 2593 37)
803 2515 882 2572 hunc
897 2514 928 2571 in
943 2512 1062 2572 modum
1077 2512 1159 2594 illam
1173 2531 1275 2570 vocem

206 2625 353 2703 explicat:
384 2625 434 2684 sie
456 2624 575 2683 werden
599 2623 658 2683 den
681 2615 872 2709 δημιουργοῖς
892 2622 919 2681 d.
936 2624 965 2682 h.
988 2622 1086 2682 denen
1108 2621 1275 2698 augezthlt‚

207 2734 256 2794 die
283 2734 350 2793 dem
376 2735 532 2811 gemeinen
558 2736 669 2795 Wesen
695 2734 846 2794 niitzliche
868 2733 1108 2809 Verrichtungen
1134 2730 1275 2791 ausiiben.

206 2843 329 2918 Quanta
354 2853 452 2903 autern
477 2845 653 2905 auctoritate
676 2834 849 2928 δημιοεργοί
874 2844 999 2924 fuerint,
1025 2843 1152 2902 Eumaei
1178 2840 1276 2900 verbis

207 2953 357 3033 probatur,
373 2956 423 3034 qui
439 2975 453 3038 ρ
470 2957 531 3014 382
548 2976 601 3034 sqq
616 2957 689 3015 haec
705 2956 777 3014 dicit

358 3062 406 3136 τίς
419 3063 479 3151 γὰρ
496 3056 534 3134 δη
551 3059 647 3143 ξεῖνον
662 3065 752 3126 καλεῖ
766 3061 894 3126 ἄλλοθεν
925 3058 1018 3136 αὐτὸς
1033 3057 1167 3125 ἐπελθών

360 3173 456 3237 ἄλλον
470 3172 497 3262 γ
503 3222 511 3251 ,
526 3177 552 3237 εὶ
567 3173 608 3260 μη
624 3182 687 3236 τῶν
703 3177 733 3236 οὶ
746 3166 917 3260 δημιοεργοὶ
933 3175 1026 3250 ἔασιν,

361 3285 470 3371 μάντιν
485 3279 505 3356 ἢ
521 3289 633 3372 ἰητῆρα
646 3293 750 3347 κακῶν
766 3279 785 3355 ἢ
800 3283 934 3348 τέκτονα
946 3272 1074 3368 δούρων;

363 3386 448 3459 οὗτοι
462 3394 521 3484 γὰρ
537 3393 646 3468 κλητοί
660 3417 697 3483 γε
711 3396 829 3483 βροτῶν
846 3395 889 3457 ἐπὶ
910 3393 1053 3481 ἀπείρονα
1068 3402 1170 3481 γαῖαν.

274 3534 462 3614 Quamquam
482 3535 574 3611 igitur
587 3535 619 3593 in
641 3553 745 3611 regum
764 3534 904 3592 ministris
925 3551 1084 3612 praecones
1104 3531 1279 3591 numerandi
1358 3541 1360 3546 '

210 3666 273 3706 esse
293 3645 441 3720 videntur,
463 3654 563 3704 tamen
584 3665 704 3725 prorsus
725 3644 811 3703 liberi
834 3651 927 3703 eraut.
971 3642 1020 3700 Ita
1042 3643 1153 3701 facturn
1174 3649 1226 3714 est,
1247 3649 1279 3699 ut

210 3775 370 3836 praecones
385 3777 445 3815 non
459 3757 490 3814 in
506 3755 628 3815 aedibus
641 3755 730 3832 regis,
751 3753 802 3813 sed
823 3755 854 3812 in
872 3754 1003 3831 ipsorum
1026 3751 1148 3812 aedibus
1166 3752 1280 3811 habita-

210 3875 285 3927 rent.
339 3866 577 3927 Consentaneum
600 3875 698 3925 autem
722 3873 782 3938 est,
806 3884 985 3943 praeconum
1009 3863 1180 3944 muneribus
1202 3863 1281 3922 viros

210 3986 327 4036 tanturn
353 3977 470 4036 functos
492 3997 563 4050 esse,
586 3977 636 4056 qui
663 3975 821 4055 prudentia
836 3995 870 4034 ac
896 3973 1059 4034 calliditate
1086 3969 1279 4036 excellebant.

212 4086 324 4162 Quodsi
345 4089 471 4167 quaeris,
490 4088 570 4148 unde
593 4089 647 4146 hoe
664 4085 899 4146 concludendum
922 4085 967 4158 sit,
991 4086 1121 4164 epitheta
1144 4095 1176 4143 ut
1198 4085 1282 4142 aiunt
