3176 4898
752 297 794 360 43

304 483 364 541 Hic
390 487 589 564 unusquisque
615 486 773 563 intellegit,
805 495 917 565 quanta
942 506 1121 566 praeconum
1150 490 1309 549 auctoritas

241 593 343 651 fuerit:
374 592 412 651 ab
436 596 566 673 utrisque
586 597 666 654 missi
692 605 760 655 sunt
779 604 808 655 et
823 617 842 655 a
860 597 998 656 Troianis
1023 605 1053 656 et
1078 597 1242 670 aGraeeis,
1257 599 1308 676 qui

241 702 426 781 impedirent,
442 706 598 783 quominus
612 706 726 766 Hector
740 714 770 765 et
785 705 864 765 Aiax
885 726 1019 785 pugnare
1037 715 1203 786 pergerent.
1243 707 1308 766 Nee

206 891 208 897 Ι
242 832 303 870 non
318 812 363 870 illi
379 815 477 872 statim
493 835 602 875 morem
618 824 771 892 gesserunt
791 817 948 895 statimque
974 837 1077 895 pugna
1094 815 1308 876 abstinuerunt.

242 921 408 981 Praecones
428 931 527 982 autem
547 945 678 1003 pugnam
697 926 872 998 finiverunt,
893 927 1003 1005 quippe
1021 946 1152 1005 quorum
1164 935 1247 1000 esset,
1263 928 1308 986 ius

242 1032 432 1112 ordinemque
454 1049 578 1093 servare.
628 1027 759 1114 Ideoque
780 1035 891 1094 factum
911 1042 967 1108 est,
987 1042 1020 1093 ut
1039 1055 1199 1114 praecones
1220 1037 1309 1095 etiam

241 1143 379 1203 adessent
394 1165 461 1202 cum
477 1143 574 1203 medio
586 1146 615 1202 in
632 1146 742 1224 populo
752 1147 901 1224 principes
917 1146 1098 1218 sortirentur,
1113 1148 1160 1204 eui
1174 1167 1310 1226 pugnan-

242 1251 311 1311 dum
327 1262 409 1312 esset.
455 1253 551 1328 Quam
567 1254 606 1313 ad
616 1275 677 1314 rem
693 1256 825 1314 conferre
840 1256 923 1314 iuvat
938 1249 968 1314 H
985 1258 1043 1314 181
1060 1275 1114 1335 sqq

391 1361 432 1436 ὣς
447 1359 490 1447 ἀρ’
511 1365 595 1446 ἔφαν,
609 1362 726 1424 πάλλεν
743 1352 777 1424 δὲ
791 1361 930 1448 Γερήνιος
945 1362 1062 1426 ἱππότα
1077 1361 1214 1448 Νέστωρ,

393 1473 429 1534 ἐκ
443 1463 469 1532 θ’
488 1471 569 1557 ἔθορε
584 1474 693 1557 κλῆρος
708 1472 823 1554 κυνέης,
839 1472 872 1535 ὃν
888 1471 931 1559 ἀρ’
951 1470 1056 1542 ἤθελον
1072 1472 1169 1553 αὐτοί,

393 1579 532 1655 Αἴαντος·
547 1574 640 1668 κῆρυξ
656 1577 691 1644 δὲ
705 1583 803 1668 φέρων
819 1582 861 1644 ἀν’
880 1581 986 1669 ὅμιλον
1002 1582 1126 1666 ἁπάντῃ

393 1683 462 1766 δεῖξ’
483 1682 602 1773 ἐνδέξια
615 1701 706 1755 πᾶσιν
723 1693 913 1779 ἀριστήεσσιν
926 1691 1072 1779 Ἀχαιῶν.
1115 1671 1119 1678 ⁸

306 1805 414 1881 Legati
431 1812 528 1864 autem
542 1806 600 1864 iam
615 1805 666 1863 illo
677 1813 809 1884 tempore
824 1806 941 1864 heroico
952 1807 1032 1864 missi
1048 1812 1126 1877 sunt,
1137 1807 1188 1884 qui
1199 1804 1310 1864 bellum

241 1913 420 1974 indicerent:
442 1917 484 1974 ita
498 1917 601 1974 utiam
615 1912 749 1998 πόλεμος
765 1913 934 1993 ἀκήρυκτος
948 1937 967 1975 a
980 1914 1059 1976 bello
1070 1913 1182 1973 indicto
1197 1918 1309 1974 secerni

241 2031 347 2100 posset.
378 2023 465 2100 Quod
480 2025 503 2084 si
523 2026 602 2084 locos
617 2027 702 2105 petis,
724 2024 831 2105 quibus
854 2025 945 2103 legati
965 2026 1046 2084 missi
1066 2044 1128 2084 esse
1148 2025 1310 2103 probentur

241 2133 294 2192 hos
310 2135 438 2195 afferam.
484 2133 592 2195 Graeci
608 2137 686 2195 enim
701 2143 858 2214 antequam
875 2136 984 2194 bellum
1002 2134 1181 2210 indixerunt,
1196 2135 1310 2212 legatos

241 2245 361 2304 Troiam
386 2248 536 2319 miserunt,
561 2249 611 2325 qui
636 2254 803 2326 poscerent,
830 2255 862 2305 ut
885 2246 1003 2305 Helena
1027 2245 1215 2306 redderetur:
1231 2241 1310 2305 cal

241 2356 301 2412 205
318 2375 352 2434 sq

391 2455 450 2534 ἤδη
466 2459 524 2550 γάρ
540 2463 592 2525 καὶ
607 2455 693 2548 δεῦρό
707 2463 775 2527 ποτ
794 2461 886 2535 ἤλυθε
901 2455 964 2537 δῖος
975 2453 1147 2537 Ὀδυσσεύς

392 2580 444 2637 σεῦ
460 2571 532 2636 ἕνεκ’
549 2572 692 2661 ἀγγελίης
707 2573 759 2636 σὺν
774 2572 920 2660 ἀρηιφίλῳ
935 2571 1092 2655 Μενελάῳ.

305 2686 386 2761 Quos
414 2686 534 2766 quidem
567 2686 682 2765 legatos
709 2686 956 2746 verisimillimum
990 2694 1034 2744 est
1069 2687 1168 2744 statim
1198 2684 1309 2743 bellum

188 2825 190 2832 ·
240 2795 397 2871 indixisse,
423 2817 489 2855 cum
509 2797 594 2856 Paris
614 2797 791 2874 negavisset,
812 2815 844 2855 se
863 2795 1012 2855 Helenam
1033 2815 1095 2854 esse
1115 2793 1308 2853 redditurum.

240 2904 451 2965 Antimachum
481 2914 580 2966 autem
608 2907 723 2985 legatos
752 2907 871 2966 Troiam
901 2907 1003 2965 missos
1032 2905 1156 2964 interfici
1191 2905 1308 2963 iussisse

238 3017 334 3076 elucet
349 3035 387 3074 ex
401 3011 435 3076 Λ
452 3019 511 3078 139
528 3037 582 3096 sqq

281 3122 312 3197 ὅς
328 3122 540 3210 (Ἀντίμαχος)
556 3125 623 3188 ποτ’
644 3124 688 3187 ἐνὶ
702 3121 815 3208 Τρώων
831 3123 928 3209 ἀγορῇ
945 3120 1104 3184 Μενέλαον
1120 3122 1237 3210 ἄνωγεν

283 3233 428 3322 ἀγγελίην
443 3232 572 3298 ἐλθόντα
588 3235 640 3297 σὺν
657 3232 784 3314 ἀντιθέῳ
795 3224 940 3308 Ὀδυσῆι,
1255 3220 1258 3226 ’

281 3338 347 3406 αὖθι
362 3354 561 3408 κατακτεῖναι
578 3335 646 3432 μηθ’
664 3342 767 3432 ἐξέμεν
785 3339 826 3428 ἀψ
843 3345 872 3418 ἐς
884 3341 1035 3430 Ἀχαιούς.

305 3458 365 3518 Sed
382 3456 461 3518 aliud
478 3456 549 3536 quid
570 3476 687 3536 quoque
705 3476 744 3516 ex
763 3457 809 3515 his
830 3455 973 3546 versibus·
984 3463 1117 3536 apparet.
1161 3430 1308 3516 Certiores

240 3569 318 3626 enim
341 3569 414 3627 faeti
435 3587 547 3640 sumus,
575 3568 695 3627 Ulixem
716 3576 746 3626 et
761 3567 931 3626 Menelaum
952 3566 1035 3624 nullo
1054 3585 1198 3644 praecone
1217 3566 1307 3623 comi-

238 3687 268 3738 te
298 3681 419 3739 Troiam
450 3698 512 3739 sese
545 3679 712 3738 contulisse.
767 3675 851 3752 Quae
881 3674 1001 3755 quidem
1031 3693 1078 3734 res
1101 3694 1136 3734 eo
1165 3675 1307 3753 explicari

238 3790 311 3847 mihi
330 3789 457 3864 videtur,
477 3788 556 3868 quod
575 3810 635 3848 non
656 3788 748 3847 solum
769 3805 928 3866 praecones
949 3784 1000 3846 sed
1021 3786 1139 3844 omnino
1159 3784 1251 3862 legati
1269 3784 1307 3843 ab

240 3899 334 3958 altera
349 3901 469 3960 civitate
485 3899 524 3959 ad
540 3901 663 3959 alteram
679 3898 758 3957 missi
774 3897 953 3957 sacrosancti
974 3903 1065 3955 erant.
1111 3896 1196 3954 Haec
1210 3904 1308 3954 autem

239 4012 386 4069 sententia
407 4010 472 4069 aliis
495 4030 611 4089 quoque
633 4008 776 4088 exemplis
798 4007 916 4088 probari
936 4014 1041 4086 potest.
1093 4004 1203 4065 Achivi
1228 4005 1307 4062 enim
1380 4048 1383 4055 .
