3176 4898
741 351 779 412 11

225 537 303 595 ianis
318 555 386 594 cum
408 535 551 615 Phrygiis
570 537 775 616 Maeoniisque
793 546 884 596 antec
902 541 1108 597 commercium
1127 539 1191 596 fuit.
1236 537 1297 597 Sed

225 655 260 704 ut
282 646 343 705 tale
367 648 576 706 commercium
597 655 735 706 terrestre
754 648 852 720 tieret,
874 649 941 706 viae
963 657 1085 726 paratae
1109 649 1221 706 fuerint
1245 667 1296 708 ne·

225 775 307 816 cesso
320 764 373 815 est„

289 866 339 924 Ita
353 867 444 924 etiam
466 899 508 908 -
529 867 638 924 utalia
659 867 826 924 commercii
845 867 973 943 vestigia
994 865 1116 924 afferam
1137 899 1180 908 -
1201 868 1293 926 1381

225 996 261 1054 sq
285 993 331 1034 res
355 974 531 1048 laudantur,
556 995 634 1054 quae
658 973 878 1034 Orchomenum
902 984 933 1034 et
956 974 1077 1034 'l'hehcs
1092 974 1296 1054 Aegyptiacus

225 1086 332 1144 missae
346 1093 431 1143 sunt:

353 1185 416 1254 οὐδ’
433 1190 476 1254 ὅσ’
495 1188 729 1276 ἐςὈρχνμενὸν
743 1192 957 1270 coccoloum-uu,
972 1183 1034 1254 οὐδ’
1053 1191 1111 1254 ὅσα
1126 1189 1234 1272 Θήβας

354 1299 533 1387 Αἰγυπτίας,
547 1299 592 1362 ὅθι
605 1303 739 1362 πλεῖστα
753 1289 856 1384 δόμοις
870 1303 903 1362 ἐν
917 1300 1065 1384 κτήματα
1078 1311 1188 1366 κεῖται.

289 1437 506 1497 Commercium
520 1447 620 1497 autem
634 1459 701 1496 cum
720 1447 837 1496 tantum
858 1447 947 1510 esset,
970 1438 1099 1515 catalogi
1121 1447 1209 1517 poeta
1232 1441 1295 1499 iure

182 1533 185 1538 ¹
225 1569 278 1607 suo
292 1543 437 1631 Κόρινθον
453 1545 570 1630 ἀφνειόν
585 1543 686 1606 8570
697 1548 869 1626 appellavit
899 1548 964 1606 Nec
978 1549 1083 1624 negari
1096 1557 1203 1627 potest,
1218 1569 1295 1608 com·

226 1659 369 1717 mercium
383 1659 415 1716 in
430 1658 532 1716 castris
546 1676 664 1736 quoque
677 1655 859 1715 Graecorum
874 1657 984 1716 factum
1004 1677 1075 1716 esse.
1119 1658 1187 1716 Iam
1206 1678 1296 1737 supra

225 1777 485 1826 commemoratum
500 1775 558 1838 est,
578 1767 718 1824 Lemnius
733 1768 835 1824 vinum
850 1768 983 1826 attulisse
998 1767 1087 1846 idque
1101 1768 1192 1826 variis
1206 1767 1295 1826 rebus

226 1878 355 1936 maxim
367 1897 439 1936 vero
458 1877 535 1934 ferro
549 1885 580 1934 et
594 1895 662 1933 aere
677 1885 880 1935 commutasse.
914 1878 980 1936 Nec
995 1897 1065 1935 vero
1079 1877 1174 1935 solum
1189 1877 1297 1936 milites

226 2006 286 2059 res,
306 2006 380 2065 quas
393 1985 530 2064 praedati
544 1993 642 2055 erant,
666 1995 921 2045 commutaverunt
942 1987 994 2046 sed
1009 1989 1099 2045 etiam
1114 1986 1203 2046 duces
1218 1987 1297 2046 viros

226 2105 329 2174 captos
352 2094 561 2154 vendiderunt
605 2093 686 2167 Quid
711 2096 790 2153 enim
815 2096 853 2152 iis
878 2095 1047 2156 faciendum
1072 2096 1160 2154 erat?
1203 2097 1298 2156 Velut

227 2205 362 2264 Achilles
376 2206 549 2283 Lycaonem
563 2204 669 2261 Lemni
684 2203 829 2264 vendidit.
860 2204 906 2263 cf.
922 2199 956 2262 Φ
972 2207 1013 2261 lu
1028 2225 1062 2283 aq

376 2338 430 2399 καὶ
444 2339 519 2399 τότε
533 2335 588 2420 μέν
601 2359 651 2421 μιν
663 2335 792 2423 Λῆμνον
808 2335 986 2422 ἐυκτιμένην
1002 2336 1166 2421 ἐπέρασσεν

379 2447 481 2518 νηυσὶν
498 2445 591 2533 ἄγων,
606 2445 686 2530 ἀτὰρ
702 2442 764 2518 υίὸς
774 2445 908 2519 Ἰήσονος
922 2441 1000 2509 ὦνον
1017 2439 1140 2512 ἔδωκεν.

290 2584 393 2659 Quid?
408 2584 602 2643 credemusne
613 2585 710 2662 ipsum
722 2583 872 2642 Achillem
886 2584 1033 2643 Lemnum
1049 2606 1111 2644 sese
1127 2586 1295 2658 contulisse,

227 2705 260 2752 ut
275 2697 426 2774 captivum
441 2702 642 2753 commutaret
678 2695 749 2752 Mea
766 2694 886 2773 quidem
905 2696 1053 2752 sententia
1073 2696 1115 2754 ita
1133 2694 1225 2753 verba
1247 2715 1297 2754 ex-

131 2877 134 2882 ,
227 2804 369 2884 plicanda
383 2813 460 2877 sunt,
472 2813 506 2862 ut
516 2803 668 2862 Achillem
682 2823 751 2862 eum
765 2803 912 2862 Lemnum
928 2805 1041 2862 misisse
1055 2813 1207 2882 appareat.
1238 2803 1299 2878 Qui

227 2914 347 2993 quidem
361 2913 517 2973 verborum
533 2933 635 2973 sensus
649 2914 685 2971 iis
704 2913 850 2986 firmatur,
873 2933 950 2992 quae
971 2914 1095 2992 Lycaon
1115 2915 1178 2992 ipse
1199 2909 1233 2972 Φ
1257 2916 1296 2973 78

227 3044 261 3102 sq
277 3023 367 3082 dixit:

354 3129 406 3192 καί
421 3131 448 3214 μ’
469 3129 636 3216 ἐπέρασσας
651 3129 772 3193 ἄνευθεν
788 3129 872 3216 ἄγων
888 3131 1002 3215 πατρός
1016 3152 1051 3193 τε
1066 3133 1161 3217 φίλων
1176 3151 1212 3192 τε
1284 3121 1287 3126 ’

354 3242 484 3326 Λῆμνον
500 3244 529 3313 ἐς
543 3237 689 3326 ἠγαθέην.

292 3384 427 3458 Accedit,
442 3385 522 3465 quod
536 3387 600 3445 fieri
614 3389 666 3445 vix
681 3388 788 3464 potuit,
808 3395 842 3444 ut
860 3388 1061 3466 unusquisque
1076 3405 1165 3466 quem
1179 3396 1298 3466 ceperat

227 3498 290 3574 ipae
302 3503 509 3554 commutaret:
521 3516 624 3555 verum
635 3506 737 3555 tamen
748 3497 860 3575 captivi
872 3516 889 3555 e
900 3498 1003 3555 castris
1015 3497 1196 3556 Graecorum
1207 3517 1297 3574 quam

228 3607 379 3665 celerrime
394 3605 571 3665 ducerentur
585 3627 704 3666 necesse
720 3615 791 3665 erat.
828 3606 916 3681 Quod
931 3609 954 3664 si
970 3607 1068 3665 omnia
1083 3607 1157 3665 haec
1170 3606 1298 3681 vestigia

227 3716 469 3794 contemplamur,
485 3738 545 3775 non
560 3726 656 3795 potest
671 3737 732 3775 non
746 3715 878 3788 concedi,
895 3717 1101 3774 commercium
1116 3716 1296 3774 homericum

227 3827 317 3886 fuisse
331 3825 420 3905 idque
436 3826 528 3884 multo
543 3828 638 3884 maius
652 3847 742 3905 quam
756 3826 800 3884 illi
816 3827 995 3904 putaverint,
1018 3826 1069 3904 qui
1084 3826 1218 3884 homines
1233 3825 1295 3883 illo-

226 3957 292 3995 rum
303 3942 473 4015 temporum
480 3958 540 3995 non
552 3937 624 3994 alios
639 3937 729 3996 fuisse
744 3937 911 3995 censuerint
927 3956 1015 4013 quam
1032 3937 1081 4014 qui
1096 3934 1184 3996 hodie
1199 3937 1230 3994 in
1246 3956 1295 3994 cx-

227 4049 327 4105 tremis
342 4047 446 4105 insulis
460 4045 603 4105 habitent.
