3176 4898
712 330 751 390 19

636 417 830 424 ———-——--.

197 521 324 581 mendici
335 522 405 579 item
416 527 505 597 atque
518 518 646 595 hospites
658 519 689 576 in
701 516 780 575 Iovis
791 517 884 575 tutela
896 535 957 576 esse
970 516 1151 578 dicebantur.
1172 519 1263 578 Cuius

196 631 239 690 rei
255 630 431 689 documento
446 629 505 687 sint
520 627 671 687 notissima
684 627 737 685 illa
751 625 856 686 verbex
872 627 908 685 cf.
925 617 1018 699 (207
1034 647 1076 706 sq,
1092 622 1109 705 ξ
1124 629 1163 687 57
1179 648 1213 708 sq

499 731 570 819 πρὸς
584 730 641 820 γὰρ
658 733 727 807 Διός
740 739 811 796 εἰσιν
827 732 959 808 ἅπαντες

350 843 439 926 ξεῖνοί
453 866 489 906 τε
504 843 622 927 πτωχοί
636 864 672 905 τε
687 845 755 906 κτλ.

259 957 319 1032 Qui
333 979 396 1018 mos
412 957 531 1036 hospitii
546 957 634 1015 etiam
649 954 792 1014 mendicis
814 955 898 1014 allati
912 976 972 1015 non
987 975 1021 1016 eo
1035 957 1163 1033 tollitur,
1183 959 1262 1037 quod

196 1068 301 1128 Ulixes
316 1061 484 1128 mendicllm
500 1065 640 1124 simulans
655 1085 673 1124 a
688 1065 783 1143 procis
797 1065 925 1126 ludibrio
939 1064 1073 1126 hebetur.
1096 1067 1170 1142 Quis
1184 1071 1264 1128 enim

196 1187 240 1238 est
254 1179 305 1257 qui
318 1177 469 1250 infitietur,
485 1177 593 1234 nostris
604 1195 720 1254 quoque
731 1175 912 1254 temporibus
923 1197 942 1234 a
953 1175 1085 1255 superbis
1096 1179 1263 1239 hominibus

195 1286 345 1348 mendicos
360 1287 469 1366 passim
483 1287 607 1364 pessime
621 1286 750 1344 tractari.
794 1284 875 1359 Quid
890 1288 983 1362 igitur
1002 1287 1109 1345 mirum
1123 1287 1203 1366 quod
1218 1289 1263 1347 illi

195 1395 315 1476 superbi
329 1397 410 1475 proci
425 1395 562 1454 mendico
577 1415 636 1454 non
650 1395 865 1473 pepercerunt?
881 1395 919 1457 cf.
932 1416 950 1455 σ
964 1399 979 1452 1
997 1416 1059 1475 sqq.

259 1507 319 1566 Sed
330 1507 389 1564 iam
401 1514 584 1565 transeamus
597 1505 635 1564 ad
648 1505 707 1563 alia
718 1506 789 1563 iuris
801 1507 935 1583 gentium
946 1507 1072 1582 vestigia
1081 1505 1260 1584 indaganda.
1360 1547 1362 1552 ·

196 1616 238 1674 Et
265 1617 296 1675 in
324 1616 411 1674 simili
437 1615 557 1694 quidem
572 1617 682 1674 honore
704 1622 792 1693 atque
817 1617 966 1694 peregrini
984 1624 1067 1674 eraut
1090 1615 1264 1692 sacerdotes,

194 1746 267 1805 quos
292 1725 411 1784 laedere
438 1725 521 1784 nefas
540 1745 602 1784 esse
628 1724 795 1804 putabatur.
841 1724 907 1798 Quo
932 1713 997 1784 loco
1023 1727 1119 1805 ipsum
1144 1727 1261 1786 initium

193 1834 300 1894 Iliadis
325 1837 485 1914 unicuique
510 1836 542 1893 in
567 1843 695 1894 mentem
721 1836 822 1894 venire
847 1835 986 1910 arbitror,
1013 1835 1093 1914 quod
1118 1838 1260 1916 optimum

194 1946 282 2004 huius
308 1947 350 2003 rei
376 1945 586 2003 documentum
611 1944 740 2023 praebet.
785 1945 978 2018 Notissimum
1000 1947 1079 2004 enim
1102 1955 1155 2021 est,
1180 1946 1261 2024 Aga-

197 2074 384 2114 memnonem
400 2053 532 2134 Chrysae
547 2054 697 2133 Apollinis
715 2054 873 2114 sacerdotis
893 2056 985 2115 filiam
1000 2058 1120 2135 cepisse.
1164 2055 1262 2130 Quam

197 2184 264 2222 oum
293 2171 377 2242 pater
403 2172 548 2243 repeteret
570 2163 608 2222 ob
631 2183 755 2243 eamque
777 2185 896 2224 causam
919 2167 951 2225 in
972 2174 1068 2225 castra
1082 2166 1263 2226 Graecorum

195 2275 332 2347 venisset,
348 2272 534 2350 Agamemno
548 2275 678 2350 negavit,
703 2295 733 2333 se
755 2294 821 2334 eam
839 2275 1023 2335 redditurum
1044 2295 1116 2336 esse.
1159 2275 1261 2350 Quid?

199 2384 279 2463 quod
304 2383 491 2461 Agamemno
516 2391 600 2442 tanta
630 2393 693 2444 erat
718 2386 815 2444 animi.
836 2387 1000 2460 atrocitate,
1027 2394 1060 2445 ut
1085 2387 1265 2463 gravissimis

200 2494 287 2552 minis
303 2493 438 2574 Chrysen
452 2494 663 2572 insequeretur.
708 2495 758 2554 Ex
773 2497 810 2555 iis
825 2504 924 2555 autem
938 2496 1043 2571 verbis,
1059 2496 1165 2576 quibus
1180 2495 1262 2574 Aga·
1301 2515 1309 2526 ·

201 2621 385 2662 memnonem
411 2611 544 2662 utentem
570 2612 657 2683 poeta
681 2604 765 2678 facit,
794 2605 931 2664 concludi
963 2613 1068 2684 potest,
1096 2605 1262 2664 sacerdotes

195 2712 259 2790 ipso
276 2732 470 2792 munereque
489 2703 691 2791 fungebantur
711 2724 909 2775 sacrosanctos
934 2716 1032 2776 fuisse.
1076 2717 1159 2774 Dicit
1184 2716 1263 2774 enim

195 2820 381 2898 Agamemno
396 2821 426 2879 A
441 2825 480 2881 26
496 2843 550 2902 sqq

348 2929 390 3015 μή
407 2952 449 3010 σε,
464 2931 563 3017 γέρον,
578 2931 714 3014 κοίλῃσιν
730 2928 792 3018 ἐγὼ
808 2927 892 3016 παρὰ
907 2933 993 3003 νηυσὶ
1007 2935 1108 3018 κιχείω

347 3035 366 3109 ἦ
383 3045 433 3102 νῦν
450 3033 602 3112 δηθύνοντ’
623 3037 642 3110 ‘tl
659 3040 784 3126 ὕστερον
801 3037 885 3114 αὖτις
901 3041 995 3126 ἰόντα,

347 3149 389 3235 μή
407 3150 441 3212 νύ
457 3174 505 3212 τοι
519 3151 554 3214 οὐ
568 3151 700 3238 χραίσμῃ
718 3155 870 3237 σκῆπτρον
886 3152 937 3214 καὶ
952 3151 1076 3239 στέμμα
1090 3151 1177 3216 teoto.

262 3263 327 3320 Iam
354 3261 508 3322 videamus
533 3262 662 3342 quidex
681 3263 728 3323 his
748 3262 846 3323 verbis
868 3264 1105 3324 concludendum
1127 3268 1172 3327 sit.
1216 3267 1264 3328 Ao

195 3372 323 3451 primum
346 3372 467 3451 quidem
490 3375 637 3432 neminem
661 3374 747 3450 fugit,
769 3375 843 3434 haec
864 3373 956 3433 verba
977 3372 1016 3432 ab
1037 3374 1263 3452 Agamemnone

194 3502 309 3541 summa
341 3484 385 3541 ira
410 3492 554 3542 commoto
584 3483 699 3562 prolata
725 3503 797 3542 esse.
851 3483 969 3542 Deinde
1002 3489 1100 3544 autem
1130 3495 1262 3565 apparet,

196 3592 362 3652 sacerdotes
375 3602 489 3672 sceptro
505 3602 534 3653 et
545 3593 641 3652 infula
655 3593 693 3651 ab
705 3595 819 3651 iniuriis
835 3592 970 3674 defensos
986 3613 1056 3653 esse.
1084 3595 1158 3654 Erat
1172 3597 1264 3673 igitur

194 3703 253 3761 iam
276 3710 338 3762 tum
358 3723 438 3763 more
460 3712 623 3782 receptum,
647 3710 681 3760 ut
702 3702 868 3762 sacerdotes
890 3704 953 3780 ipso
977 3703 1140 3763 sacerdotio
1162 3705 1263 3766 defen·

197 3811 345 3872 derantur.
391 3811 487 3888 Quem
502 3833 612 3872 morem
627 3813 797 3872 etiamnunc
812 3814 915 3889 vigere
930 3831 1016 3870 nemo
1037 3821 1081 3872 est
1095 3815 1167 3893 quin
1181 3817 1263 3878 sciat.

194 3921 267 3981 Jam
287 3922 466 3998 dictumest,
487 3924 585 3982 ‘infula
600 3931 629 3982 et
648 3931 762 4000 sceptro
785 3921 949 3982 sacerdotes
970 3943 1032 3982 sese
1054 3923 1189 3985 defensos
1213 3923 1263 3986 ha·

85 4043 92 4052 '
195 4029 299 4112 buisse.
343 4032 392 4092 Ita
414 4033 455 4107 fit,
482 4042 515 4092 ut
540 4053 640 4093 omnes
662 4031 769 4093 Graeci
791 4033 829 4090 ab
844 4031 1070 4109 Agamemnone
1091 4044 1208 4112 petant,
1230 4045 1264 4096 ut

1080 4131 1111 4170 μ
