3176 4898
829 322 870 385 22

309 506 411 588 ¹Velut
432 507 461 566 N
478 509 538 568 658
565 528 600 587 sq
621 507 817 587 Pylaemenes
839 519 933 587 urget,
959 510 1039 589 quod
1063 531 1116 589 pro
1141 511 1203 571 filio
1228 513 1383 573 interfecto

317 618 474 696 pecuniam
490 638 549 677 non
564 619 691 697 accepit:

621 722 700 811 μετὰ
717 718 751 789 δέ
766 748 817 812 σφι
831 727 932 812 πατὴρ
948 728 993 791 κίε
1009 720 1126 814 δάκρυα
1140 729 1259 810 λείβων,

468 835 556 905 ποινὴ
573 827 599 897 δ’
619 834 652 897 οὕ
668 859 713 908 τις
726 828 833 908 παιδὸς
848 836 984 924 ἐγίγνετο
999 835 1185 912 τεθνηῶτος.Ι

382 972 498 1047 Quibus
527 993 564 1032 ex
593 971 692 1032 verbis
720 972 885 1032 luculenter
913 982 1050 1052 apparet,
1080 974 1221 1035 damnum
1249 977 1383 1036 resarciri

318 1084 455 1164 potuisse.
513 1082 627 1157 Quodsi
656 1082 822 1161 quaerimus
851 1102 981 1162 quanam
1010 1103 1042 1144 re
1073 1086 1206 1162 cognatis
1235 1087 1383 1146 interfecti

317 1195 443 1254 hominis
469 1193 652 1253 satisfactum
667 1194 714 1268 sit,
740 1191 884 1266 videmus
907 1193 972 1252 illos
996 1202 1136 1271 cognatos
1151 1196 1258 1253 mortui
1274 1215 1383 1274 poenas

318 1312 484 1384 persecutos
513 1321 583 1363 esse.
637 1302 774 1381 Namque
799 1300 935 1361 omnibus
959 1303 1044 1377 locis,
1071 1304 1177 1382 quibus
1202 1305 1384 1365 interfecisse

317 1415 474 1494 quisquam
496 1421 641 1486 narratur,
664 1413 754 1490 isqui
780 1411 901 1470 caedem
921 1415 1111 1492 perpetravit,
1134 1415 1244 1491 fugisse
1267 1414 1382 1474 dicitur.

317 1526 451 1584 Primum
477 1523 573 1582 locum
598 1522 764 1595 afferamus,
780 1537 824 1580 ex¹
840 1541 875 1580 ea
896 1530 979 1599 parte
994 1523 1061 1582 libri
1081 1524 1106 1580 B
1131 1532 1281 1603 sumptum
1305 1545 1381 1604 quae

316 1636 438 1694 navium
467 1633 619 1709 catalogus
644 1631 788 1710 appellari
810 1632 897 1690 solet:
920 1631 971 1691 ubi
985 1654 1014 1692 v.
1037 1635 1097 1692 661
1122 1654 1176 1713 sqq
1195 1635 1269 1693 haec
1290 1635 1381 1694 verba

313 1745 469 1822 leguntur:

412 1911 414 1916 .
444 1848 643 1935 Τληπόλεμος
658 1841 684 1910 δ’
703 1847 768 1911 ἐπεὶ
783 1843 834 1911 οὖν
849 1849 948 1934 τράρη
964 1852 996 1912 ἐν
1011 1849 1133 1937 μεγάρῳ
1149 1849 1303 1933 εὐπήκτῳ,

445 1962 557 2024 αὐτίκα
571 1955 685 2043 πατρὸς
700 1959 762 2020 ἑοῖο
777 1957 863 2043 φίλον
879 1957 1008 2045 μήτρωα
1021 1960 1171 2038 κατέκτα,

445 2065 504 2145 ἤδη
518 2070 714 2160 γηράσκοντα
729 2066 906 2154 Λικύμνιον,
921 2060 989 2142 ὄζον
1000 2067 1120 2154 Ἀρηος.

446 2295 486 2374 βῆ
499 2292 618 2378 ρεύγων
634 2290 684 2354 ἐπὶ
697 2287 817 2354 πόντον·
833 2289 999 2360 ἀπείλησαν
1015 2283 1072 2374 γάρ
1088 2293 1116 2350 ol
1132 2287 1221 2351 ἄλλοι

446 2401 520 2475 υίέες
534 2401 635 2464 υἱωνοί
649 2422 686 2463 τε
700 2399 763 2481 βίης
776 2396 987 2485 Ἡρακληείης.

381 2549 452 2610 Alia
466 2547 602 2626 exempla
616 2565 654 2608 ex
668 2545 740 2604 loeis
755 2544 792 2604 de
807 2543 913 2623 quibus
925 2563 1011 2603 nemo
1026 2552 1070 2604 est
1084 2545 1135 2622 qui
1150 2542 1274 2620 dubitet,
1284 2567 1383 2626 sump-

317 2664 354 2723 tis
368 2664 442 2722 haec
456 2659 519 2719 fere
533 2665 615 2717 sunt:
637 2657 668 2714 N
684 2656 744 2715 695
760 2675 795 2734 sq
808 2654 882 2714 haec
896 2654 988 2714 verba
1001 2655 1206 2714 inveniuntur:

623 2755 764 2846 (Μέδων)
780 2759 878 2847 αὐτάρ
895 2765 991 2826 ἔναιεν

470 2879 503 2940 ἐν
519 2873 664 2956 Φυλάκῃ,
676 2873 762 2961 γαίης
779 2872 839 2935 άπο
854 2864 1007 2957 πατρίδος,
1024 2863 1120 2956 ἄνδρα
1135 2873 1293 2946 κατακτάς

317 2990 508 3074 quiquidem
529 2989 611 3047 locus
635 2983 767 3047 etiamO
789 2986 850 3046 334
873 3005 908 3064 sq
932 2985 1048 3062 legitur.
1093 2983 1184 3043 Porro
1199 2980 1231 3043 ll
1252 2987 1311 3044 571
1330 3005 1385 3065 sqq

318 3110 405 3182 poeta
423 3098 523 3172 tradit,
546 3098 696 3177 Epigeum
718 3117 785 3156 cum
807 3088 965 3174 cognatum
988 3093 1183 3153 interfecisset
1206 3094 1245 3154 ad
1259 3094 1382 3155 Peleum

317 3212 486 3290 Thetinque
503 3207 666 3286 supplicem
680 3207 796 3265 venisse
812 3203 850 3264 ab
865 3205 958 3282 iisque
973 3210 1130 3281 exceptum
1145 3221 1221 3263 esse:

809 3328 872 3409 δῖος
883 3334 1054 3423 Ἐπειγεύς,

470 3449 501 3524 ὅς
516 3448 538 3535 ρ”
558 3452 589 3512 ἐν
606 3439 738 3526 Βουδείῳ
753 3445 935 3532 εὐναιομένῳ
950 3444 1078 3515 ἤνασσεν

470 3556 507 3623 τὸ
523 3557 600 3645 πρίν·
615 3555 693 3645 ἀτάρ
705 3556 780 3621 τότε
795 3556 820 3644 γ’
840 3554 945 3618 ἐσθλὸν
961 3551 1080 3638 ἀνεψιὸν
1096 3552 1264 3642 ἐξεναρίξας

471 3674 501 3744 ἐς
517 3669 615 3742 Πηλῆ’
635 3667 770 3732 ἱκέτευσε
785 3665 837 3729 καί
852 3668 882 3739 ἐς
897 3663 991 3727 Θέτιν
1008 3657 1222 3752 ἀργυρόπεζαν.

382 3811 561 3870 Notissimus
576 3815 675 3868 autem
689 3807 740 3867 ille
761 3807 843 3865 locus
865 3813 917 3879 est,
944 3803 995 3862 ubi
1015 3803 1144 3861 Patrocli
1166 3804 1266 3862 anima
1288 3804 1383 3865 dicere

318 3923 450 4000 fingitur,
470 3918 641 3978 Patroclum
660 3937 784 3996 puerum
802 3913 892 3975 caede
912 3913 1065 3972 commissa
1087 3913 1235 3990 quondam
1257 3934 1275 3972 a
1294 3915 1383 3974 Peleo

319 4039 476 4109 exceptum
491 4048 560 4088 esse.
608 4027 654 4086 of.
672 4025 710 4085 Ψ
725 4027 764 4086 85
780 4045 834 4104 sqq

827 4144 956 4199 ...μδ
