3176 4898
216 520 343 593 videtur,
357 526 390 578 ut
404 520 498 579 iussus
510 519 761 591 confirmarentur,
774 519 798 577 si
811 517 996 594 Agamemno
1011 527 1164 599 tantopere
1175 526 1285 578 eeteros
1379 553 1386 566 ι

216 630 347 690 Graecos
366 627 471 707 opibus
492 630 654 708 superavit,
681 636 714 686 ut
739 645 805 686 eum
834 630 916 707 sequi
941 630 1031 689 ceteri
1059 629 1152 687 eoacti
1177 635 1284 688 essent.

217 741 297 798 Tum
311 739 391 798 enim
407 739 565 818 imperanti
580 746 613 796 ut
627 737 747 796 domum
761 737 892 798 redirent
907 760 967 798 non
988 746 1146 818 potuerunt
1161 759 1220 797 non
1236 736 1285 796 eb-

216 851 308 929 sequi,
323 857 386 907 turn
401 849 566 926 imperanti,
583 858 616 906 ut
628 855 782 906 manerent
792 848 956 927 parendum
968 856 1031 908 erat
1043 857 1130 927 atque
1142 850 1286 927 imperata

217 958 355 1017 facienda
371 966 464 1017 erant.
510 957 570 1017 Sed
592 978 658 1016 eum
678 966 814 1017 neutrum
834 959 895 1032 fiat,
918 979 977 1017 non
1000 957 1121 1016 dubium
1140 961 1193 1030 est,
1213 959 1286 1037 quin

220 1069 454 1146 Agamemnonis
468 1069 628 1126 auctoritas
643 1076 759 1126 tantum
775 1071 805 1126 in
820 1070 944 1147 imperio
955 1068 1123 1127 voluntarie
1134 1088 1152 1126 a
1164 1067 1286 1127 Graecis

216 1179 307 1236 allato
322 1178 395 1236 nixa
409 1178 454 1238 sit.
486 1177 535 1236 Ita
549 1177 591 1250 fit,
607 1186 640 1235 ut
654 1177 809 1236 Menelaus
820 1197 936 1256 quoque
952 1178 1052 1236 fratris
1064 1178 1181 1256 imperii
1196 1178 1285 1255 parti-

217 1309 285 1367 ceps
301 1288 391 1347 fuisse
406 1287 551 1347 videatur.
582 1288 737 1364 Leguntnr
752 1288 830 1346 enim
845 1306 866 1370 γ
882 1290 940 1344 1⁴1
958 1305 1010 1365 sqq
1027 1288 1101 1346 haec
1115 1286 1206 1347 verba

370 1391 429 1457 ἕνθ’
448 1394 519 1464 ἤτοι
535 1393 694 1467 Μενέλαος
708 1394 821 1481 ἀνώγει
835 1393 955 1467 πάντας
966 1393 1110 1479 Ἀχαιούς

369 1506 480 1567 νόστου
495 1502 711 1590 μιμνήσκεσθαι
726 1505 770 1568 ἐπ’
792 1504 879 1589 εὐρέα
895 1508 980 1565 νῶτα
994 1503 1152 1578 θαλάσσης,

370 1605 432 1676 οὐδ’
447 1613 656 1700 Ἀγαμέμνονι
670 1615 799 1700 πάμπαν
816 1606 952 1684 ἑήνδανε.

283 1726 377 1786 Vides
392 1728 491 1804 igitur,
507 1745 546 1786 ne
561 1728 638 1785 inter
652 1726 757 1785 fratres
771 1725 900 1805 quidem,
915 1747 1038 1805 querum
1055 1728 1183 1786 maxime
1198 1727 1285 1786 inter·

219 1857 284 1896 esse
306 1837 421 1909 debuit,
444 1855 618 1896 consensum
642 1837 741 1920 fuisse
786 1835 924 1915 Namque
949 1855 987 1896 ex
1007 1837 1070 1896 loeo
1091 1835 1177 1894 modo
1195 1836 1286 1895 allato

211 1933 354 2025 apparet,
368 1967 444 2026 quae
459 1947 581 2006 fratrum
598 1947 740 2006 dissensio
755 1946 851 2004 fuerit.
897 1947 1016 2007 Ducum
1035 1955 1133 2006 autem
1154 1947 1286 2018 consilio,

158 2055 163 2062 ’
219 2077 277 2136 quo
293 2057 526 2134 Agamemnonis
541 2058 695 2135 imperium
716 2056 753 2115 ab
772 2057 844 2136 ipsis
864 2056 1046 2137 principibus
1061 2058 1218 2116 coercitum
1234 2065 1286 2129 est,

217 2168 412 2227 demonstrari
427 2166 499 2225 mihi
516 2166 641 2240 videtur,
662 2166 917 2243 Agamemnonem
937 2175 1053 2225 tantum
1068 2167 1195 2246 primum
1209 2168 1287 2226 inter

218 2297 303 2356 pares
318 2277 417 2336 fuisse.
461 2277 511 2335 Ita
525 2277 567 2350 fit,
587 2283 619 2334 ut
640 2276 826 2354 Agamemno
848 2273 929 2337 853
950 2297 1004 2357 sqq
1024 2293 1090 2335 cum
1110 2278 1221 2336 somnio
1236 2276 1287 2334 illo

217 2397 380 2446 commotus
395 2388 555 2446 exercitum
572 2385 610 2446 ad
625 2405 758 2466 pugnam
771 2386 913 2448 ducturus
929 2396 1013 2459 esset,
1033 2396 1192 2467 antequam
1213 2387 1288 2446 mili·

217 2507 262 2557 tes
282 2499 360 2576 ipses
380 2505 569 2571 convocaret,
595 2497 685 2556 duces
709 2505 821 2556 ceteros
841 2500 981 2577 coegerit,
1010 2496 1116 2576 quibus
1135 2496 1205 2577 quid
1225 2499 1288 2576 ipse

218 2609 351 2667 facturus
367 2617 442 2667 esset
457 2616 641 2687 proponeret.
674 2607 720 2667 Of.
738 2604 763 2667 B
779 2609 818 2667 53
835 2627 870 2688 sq

370 2715 484 2796 βουλὴν
501 2706 536 2777 δὲ
550 2717 672 2800 πρῶτον
688 2715 870 2802 μεγαθύμων
883 2707 929 2790 ἷζε
943 2715 1095 2802 γερόντων

372 2824 528 2910 Νεστορέῃ
544 2826 627 2910 παρὰ
643 2821 691 2898 νηὶ
705 2825 908 2912 Πυλοιγενέος
922 2826 1073 2907 βασιλῆος.

283 2939 325 2996 Hi
341 2938 430 2998 duces
447 2938 485 2997 ab
501 2938 726 3014 Agamemnone
741 2939 863 2998 excitati
879 2946 954 3012 sunt,
971 2939 1047 2996 utin
1059 2939 1200 2998 concione
1212 2938 1286 2996 rnili-

218 3058 282 3107 tum
296 3048 336 3107 ad
347 3048 507 3108 dicendum
522 3057 684 3126 surgerent.
715 3048 761 3108 Of.
780 3046 806 3109 B
823 3052 861 3109 73
877 3069 930 3128 sqq

369 3166 479 3243 πρῶτα
495 3149 521 3219 δ’
541 3153 620 3246 ἐγὼν
637 3161 736 3220 ἔπεσιν
751 3157 939 3243 πειρήσομαι,
954 3155 973 3224 ἢ
988 3154 1177 3238 depectere,

372 3268 426 3330 καὶ
440 3269 557 3357 φεύγειν
573 3270 626 3332 σὺν
643 3267 729 3338 νηυσὶ
743 3267 923 3338 πολυκλήισι
937 3265 1079 3329 κελεύσω.

373 3381 454 3464 ὑμεῖς
469 3371 494 3440 δ’
516 3376 644 3443 ἄλλοθεν
660 3377 754 3452 ἄλλος
768 3376 902 3466 ἐρητύειν
919 3379 1064 3441 ἐπέεσσιν.

284 3489 366 3564 Quin
382 3490 471 3549 etiam
487 3491 638 3551 Thersites
654 3493 773 3553 omnino
789 3491 898 3551 audere
912 3512 973 3550 nen
987 3491 1091 3568 potuit,
1113 3497 1197 3548 tanta
1212 3496 1290 3547 atre-

220 3601 308 3660 eitate
323 3608 354 3659 et
368 3597 555 3678 impudentia
570 3599 829 3676 Agamemnonem
844 3609 978 3673 tractare,
1001 3600 1056 3657 nisi
1071 3596 1159 3657 militi
1173 3618 1290 3677 quoque

218 3709 289 3790 qnid
307 3712 429 3770 sentiret
444 3710 541 3769 dicere
565 3729 734 3770 concessum
756 3719 827 3770 erat.
873 3711 938 3769 Nee
960 3709 1049 3768 facile
1069 3717 1113 3768 est
1127 3707 1288 3781 intellectu,

221 3841 273 3879 cur
288 3820 476 3899 Agamemno
491 3821 609 3878 omnino
624 3821 713 3880 talem
729 3819 945 3900 impudentiam
956 3839 1060 3898 passus
1071 3821 1117 3892 sit,
1134 3820 1159 3878 si
1170 3818 1290 3900 quidem

220 3933 440 4010 potentissimus
456 3931 586 3990 omnium
609 3930 717 3990 dueum
738 3939 810 3990 erat.
855 3929 944 3990 Adde
964 3929 1042 4009 quod
1059 3931 1212 3991 Thersites
1231 3949 1291 3989 non

220 4040 257 4100 ab
273 4040 499 4118 Agamemnone
513 4042 562 4100 vel
576 4043 639 4100 eius
654 4042 734 4100 iussn
750 4041 802 4101 sed
816 4041 855 4100 ab
868 4041 960 4101 Ulixe
981 4061 1077 4120 poena
1098 4041 1221 4102 affectus
1236 4048 1289 4100 cst,
