3176 4898
811 323 852 388 48

732 410 932 424 ᾕ--ψ-

452 501 542 584 ἄξετε
557 499 592 570 δὲ
607 509 757 594 Πριάμοιο
773 508 848 593 βίην,
864 509 924 596 ὄφρ’
944 509 1030 596 ὅρκια
1045 511 1146 596 τάμνη

451 619 552 697 αύτύς,
568 618 632 682 ἐπεί
647 625 674 680 ot
689 611 795 692 παῖδες
809 615 984 706 ὑπερφίαλοι
998 622 1050 684 καὶ
1066 621 1198 694 ἄπιστοι,

450 729 491 814 μή
508 753 553 802 τις
567 727 731 813 ὑπερβασίη
748 727 819 802 Διὸς
834 728 919 814 ὅρκια
934 719 1114 803 δηλήσηται.

451 840 508 902 αἰεὶ
523 830 549 900 δ’
568 837 742 923 ὁπλοτέρων
758 831 875 924 ἀνδρῶν
891 839 993 927 φρένες
1006 839 1187 926 ἠερέθονται·

449 940 532 1020 οἷςδ
552 946 679 1034 ὄγέρων
696 946 847 1035 μετέῃσιν,
863 946 929 1034 ἅμα
942 952 1063 1034 πρόσσω
1079 949 1131 1011 καὶ
1146 948 1261 1011 ὀπίσσω

448 1057 575 1132 λεύσσει,
591 1057 671 1130 ὅπως
686 1057 728 1144 ὄχ’
748 1057 857 1142 ἄριστα
873 1058 936 1143 μετ’
957 1059 1151 1146 ἀμφοτέροισι
1165 1057 1301 1145 γένηται.

361 1171 497 1228 Priamus
511 1171 603 1246 igitur
624 1191 691 1228 oum
717 1169 892 1243 advenisset,
915 1171 1019 1230 foedus
1045 1173 1166 1230 summis
1181 1171 1368 1230 caerimoniis

298 1263 390 1338 ictum
415 1288 473 1339 est:
507 1300 581 1358 quas
606 1281 800 1339 caerimonias
824 1281 873 1338 hic
899 1280 1065 1341 describere
1087 1303 1146 1340 non
1172 1299 1292 1340 necesse
1314 1288 1367 1353 est,

299 1391 410 1468 quippe
424 1409 501 1469 qnae
516 1390 554 1448 ad
569 1400 701 1449 nostrum
716 1391 919 1469 quaestionem
934 1392 1010 1450 nihil
1025 1391 1166 1450 efficiant.
1211 1391 1291 1451 Satis
1305 1409 1368 1448 esse

298 1500 417 1559 videtur
438 1519 673 1573 commemorare,
693 1500 802 1560 Jovem
828 1500 956 1580 deosque
978 1503 1130 1560 invocatos
1150 1521 1225 1574 esse,
1246 1508 1280 1559 ut
1299 1520 1366 1558 eum

220 1623 221 1626 ’
299 1613 452 1689 punirent,
474 1613 525 1689 qui
551 1611 711 1689 periurium
737 1611 870 1668 i'aoturus
890 1620 975 1670 esset.
1019 1612 1069 1669 En
1095 1610 1186 1670 habes
1206 1610 1297 1669 verba
1316 1609 1370 1667 illa

298 1720 531 1796 Agamemnonis
547 1715 570 1777 Γ
587 1721 647 1778 276
664 1741 718 1799 sqq
1192 1709 1196 1716 ¹

451 1825 509 1888 Ζεῦ
525 1827 633 1913 πάτερ,
644 1819 760 1899 Ἴδηθεν
776 1819 902 1913 μεδέων,
918 1819 1042 1890 κύδιστε
1056 1826 1191 1914 μέγιστε,

450 1935 549 2009 ἠέλιός
563 1935 587 1998 θ’
608 1937 639 2008 ὃς
654 1937 742 1999 πάντ’
764 1942 871 2023 ἐφορᾷς
886 1938 938 2000 καὶ
952 1937 1037 2001 πάντ’
1058 1935 1225 2014 ἐπακούεις,

450 2046 503 2108 καὶ
517 2047 652 2131 ποταμοὶ
665 2048 717 2109 καὶ
731 2058 815 2133 γαῖα,
831 2048 882 2109 καὶ
898 2052 927 2111 οἳ
939 2045 1078 2134 ὑπένερθε
1092 2045 1247 2134 καμόντας

453 2154 622 2240 ἀνθρώπους
637 2155 783 2237 τίνυσθον,
800 2155 875 2230 ὅτις
889 2157 914 2220 κ’
934 2159 1071 2242 ἐπίορκον
1087 2155 1214 2241 ὀμόσσῃ.

367 2268 467 2349 Atque
486 2268 596 2326 Achivi
621 2268 740 2348 quidem
759 2271 821 2328 ‘hoc
843 2278 926 2330 tanto
949 2267 1139 2329 iureiurando
1163 2269 1367 2347 promiserunt,

303 2399 333 2438 se
353 2379 472 2438 domum
487 2377 632 2436 redituros
652 2399 723 2452 esse,
745 2381 769 2438 si
784 2379 938 2439 Menelaus
954 2401 972 2438 a
988 2379 1096 2446 Paride
1111 2384 1306 2456 superaretur,
1323 2378 1369 2436 sin

302 2508 372 2547 vero
388 2487 473 2546 Paris
488 2488 663 2561 vinceretur,
678 2489 801 2548 Troiani
815 2491 1020 2568 promiserunt,
1036 2509 1067 2548 se
1087 2509 1147 2546 non
1167 2487 1261 2546 solum
1277 2487 1367 2545 Hele·

302 2619 372 2657 nam
387 2597 551 2657 reddituros
566 2597 618 2656 sed
633 2599 722 2656 etiam
736 2600 865 2677 pretium
880 2600 1024 2658 soluturos
1040 2617 1111 2657 esse.
1141 2596 1253 2671 Quanti
1270 2604 1367 2655 autem

303 2709 411 2768 Graeci
439 2716 468 2767 et
497 2708 618 2766 Troiani
649 2707 725 2767 illud
759 2717 879 2788 pactum
908 2709 965 2787 ipsi
994 2708 1229 2780 aestimaverint,
1264 2726 1368 2764 versus

302 2818 436 2897 probant,
452 2819 504 2897 qui
518 2814 544 2877 Γ
559 2820 619 2876 297
636 2839 690 2897 sqq
704 2819 843 2896 leguntur

455 2917 517 2988 ὦδε
532 2917 566 2987 δέ
581 2949 625 2999 τις
640 2927 774 2988 εἴπεσκεν
785 2924 922 3013 Ἀχαιῶν
936 2946 972 2987 τε
986 2921 1100 3009 Τρώων
1115 2939 1162 2985 τε·

459 3033 539 3116 „Zao
554 3027 678 3098 κύδιστε
694 3035 830 3122 μέγιστε,
843 3034 898 3098 ’καὶ
909 3033 1055 3098 ἀθάνατοι
1068 3033 1129 3096 θεοὶ
1147 3035 1246 3112 ἄλλοι,

455 3145 616 3232 ὁππότεροι
629 3145 768 3231 πρότεροι
783 3143 856 3231 ὑπὲρ
872 3142 958 3232 ὅρκια
972 3145 1151 3230 πημήνειαν,

454 3245 515 3316 ὧδέ
530 3255 575 3340 σφ’
595 3253 763 3350 ἐγκέφαλος
777 3246 905 3340 χαμάδις
920 3252 980 3340 ρ’έοι
995 3253 1036 3326 ὦς
1051 3243 1104 3315 ὅδε
1120 3250 1205 3332 οἶνος,

455 3363 558 3425 αὐτῶν
573 3368 625 3424 καί
640 3362 765 3440 τεκέων,
782 3362 887 3448 ἄλοχοι
902 3355 927 3424 δ’
947 3362 1067 3425 ἄλλοισι
1083 3355 1232 3448 δαμεῖεν.”

367 3477 473 3556 Neque
498 3476 648 3552 igiturex
674 3495 720 3548 eo,
750 3475 830 3555 quod
856 3477 911 3534 hoo
936 3485 1055 3556 paetum
1083 3475 1251 3535 foedissime
1280 3477 1369 3533 inter-

302 3594 423 3666 ruptum
452 3595 508 3659 est,
544 3564 781 3646 concludendum
815 3594 872 3660 est,
908 3589 1026 3646 omnino
1060 3586 1120 3644 tale
1152 3594 1272 3663 paetum
1309 3606 1368 3642 non

303 3698 405 3774 magni
420 3696 554 3756 habitum
570 3715 640 3754 esse.
683 3694 739 3783 Cui
755 3699 917 3756 sententiae
935 3698 1059 3775 primum
1078 3696 1197 3774 quidem
1220 3716 1368 3775 opponen-

303 3805 374 3865 dum
395 3815 447 3880 est,
467 3805 637 3864 Pandarum
659 3806 812 3864 Minervae
838 3805 906 3864 dolo
932 3813 1107 3864 commotum
1135 3823 1211 3878 esse,
1227 3812 1270 3865 ,ut
1295 3804 1370 3863 illud

306 3916 500 3994 perniciosum
521 3915 612 3974 telum
634 3915 793 3989 emitteret3
821 3923 884 3974 tum
905 3934 975 3973 vero
995 3935 1056 3972 non
1077 3914 1294 3992 neglegendum
1318 3922 1370 3987 est,

305 3999 553 4106 quomadmodum
574 4024 624 4082 illo
645 4025 708 4102 ipso
727 4031 857 4102 tempore
878 4025 933 4083 hae
954 4022 991 4082 de
1006 4043 1037 4082 re
1057 4022 1218 4082 iudicatum
1239 4025 1284 4084 sit.
1330 4025 1370 4082 Et
