3176 4898
748 328 949 423 „28-

313 511 433 575 tancdm
451 526 502 576 est.
547 517 632 590 Quae
648 537 714 576 cum
730 518 771 576 ita
786 519 853 590 sint,
868 516 1038 593 negandum
1059 525 1116 589 eat,
1132 516 1253 575 Ulixem
1274 526 1382 575 temere

312 623 459 684 Ciconum
475 625 578 686 urbem
594 628 713 705 cepisse.

379 736 578 796 Transeamus
603 738 662 794 iam
687 736 727 794 ad
752 737 875 796 alteram
898 744 1010 814 partem
1034 735 1241 815 disputationis
1261 735 1298 795 de
1319 737 1382 794 iure

312 846 446 920 gentium
472 845 619 904 homerico
644 847 798 904 institutae
820 867 855 904 ac
877 845 915 906 de
938 846 1072 920 vestigiis
1097 865 1229 921 agamus,
1253 846 1383 924 quaein

313 953 391 1012 bello
416 965 584 1016 cernuntur.
635 956 682 1013 Ac
703 957 829 1033 primum
850 955 968 1034 quidem
993 975 1169 1034 quaeramus
1188 973 1307 1014 neeesse
1328 962 1380 1027 est,

310 1083 457 1142 quaenam
488 1066 606 1124 omnino
631 1067 728 1124 aetate
757 1064 906 1123 homerica
935 1084 1040 1124 causac
1069 1065 1194 1136 fuerint,
1223 1084 1274 1123 cur
1303 1063 1382 1124 bella

312 1183 471 1232 orerentur.
515 1173 651 1252 Apparet
666 1182 773 1247 autem,
790 1174 849 1232 illis
864 1174 1043 1254 temporibus
1062 1175 1189 1253 plurima
1205 1173 1283 1233 bella
1297 1183 1382 1250 gesta

313 1302 384 1358 esse,
400 1290 556 1362 propterea
571 1283 650 1362 quod
665 1303 772 1362 pecora
786 1294 838 1343 aut
852 1286 908 1363 ipsi
923 1284 1055 1343 homines
1069 1283 1270 1362 rapiebantur.
1308 1284 1331 1342 J
1333 1304 1380 1341 am

312 1392 505 1472 Thucydides
524 1394 589 1451 loco
604 1393 655 1450 illo
670 1394 872 1472 praefationis,
892 1396 974 1452 cuius
989 1413 1076 1473 saepe
1096 1395 1154 1452 iam
1176 1394 1286 1452 mentio
1301 1393 1382 1451 facta

313 1511 365 1572 est,
381 1503 455 1562 haec
468 1503 558 1563 verba
573 1503 662 1562 habet
677 1501 778 1580 (1,5):
795 1506 822 1562 οἱ
836 1501 895 1588 γὰρ
906 1499 1057 1573 Ἕλληνες
1072 1504 1109 1562 τὸ
1126 1499 1232 1578 πάλαι,
1248 1501 1300 1562 καὶ
1315 1505 1378 1561 τῶν

312 1610 471 1696 βαρβάρων
480 1610 509 1672 οἵ
518 1632 553 1672 τε
565 1613 596 1672 ἐν
604 1615 646 1692 τῇ
657 1609 770 1692 ήπείρῳ
780 1607 1021 1695 παραθαλάσσιοι
1032 1611 1084 1673 καὶ
1095 1610 1160 1673 ὅσοι
1172 1611 1278 1682 νήσους
1291 1607 1379 1695 εἶχον,

312 1711 416 1789 ἐπειδή
430 1717 562 1806 ἤρξαντο
579 1723 697 1807 μᾶλλον
714 1720 907 1804 περαιοῦσθαι
919 1721 1021 1782 ναυσὶν
1041 1721 1086 1783 ἐπ’
1109 1721 1271 1797 ἀλλήλους,
1291 1718 1381 1803 ἐτρά-

311 1854 409 1894 ποντο
424 1827 496 1916 πρὸς
509 1831 664 1908 λήστείαν,
680 1829 858 1916 ἡγουμένων
874 1819 991 1915 ἀνδρῶν
1007 1830 1042 1892 οὐ
1054 1835 1116 1892 τών
1128 1825 1380 1892 ἀδυνατωτάτων

312 1933 435 2026 κέρδους
449 1946 506 2003 τοῦ
518 1939 663 2025 σφετέρου
676 1940 779 2001 αὒτών
796 1939 886 2002 ἕνεκα
900 1940 952 2001 καὶ
966 1950 1031 2013 τοῖς
1045 1939 1180 2002 ἀσθενέσι
1194 1946 1314 2026 τροφῆς,
1328 1942 1381 2003 καὶ

311 2051 550 2134 προσπίπτοντες
569 2049 692 2113 πόλεσιν
715 2049 895 2135 ἀτειχίστοις
910 2050 962 2111 καὶ
976 2049 1059 2112 κατὰ
1073 2048 1179 2135 κώμας
1194 2050 1381 2136 οἰκουμέναις

310 2151 445 2244 ἥρπαζον
471 2161 524 2222 καὶ
549 2157 604 2222 τὸν
632 2163 776 2223 πλεῖστον
803 2164 861 2222 τοῦ
885 2158 950 2240 βίου
971 2157 1109 2223 ἐντεῦθεν
1132 2164 1303 2236 ἐποιοῦντο,
1327 2159 1382 2222 οὐκ

313 2271 436 2356 ἔχοντός
449 2294 497 2332 πω
513 2269 658 2354 αἰσχύνην·
669 2270 784 2332 τούτου
798 2273 854 2332 τοῦ
871 2276 968 2356 ἔργου,
983 2269 1125 2355 ρέροντος
1140 2264 1174 2333 δέ
1186 2295 1217 2332 τι
1229 2271 1280 2332 καὶ
1292 2262 1382 2343 δόξης

313 2383 441 2465 μᾶλλον.
479 2381 563 2456 Quae
578 2382 697 2460 quidem
713 2382 805 2442 verba
818 2381 1006 2461 Thucydidis
1020 2402 1109 2461 quem
1123 2401 1195 2442 vera
1210 2383 1270 2440 sint
1284 2402 1381 2440 meum

312 2494 368 2550 erit
384 2492 592 2551 demonstrare.
639 2492 678 2550 Ut
693 2491 731 2550 ab
747 2493 782 2574 iis
796 2493 868 2550 locis
884 2493 1032 2571 incipiam,
1054 2491 1160 2572 quibus
1174 2512 1281 2571 pecora
1296 2500 1382 2571 rapta

313 2622 376 2661 esse
391 2602 636 2675 demonstrantur,
659 2602 787 2660 Achillis
804 2601 895 2661 verbs
914 2603 1010 2681 prima
1029 2601 1182 2662 afferenda
1200 2609 1282 2674 sunt,
1305 2620 1382 2679 quae

313 2707 339 2770 A
358 2713 417 2770 152
434 2732 488 2790 sqq
503 2713 656 2788 leguntur:

465 2819 498 2882 οὐ
514 2819 572 2906 γάρ
589 2815 651 2905 ἐγώ
668 2815 782 2902 ΓΓρώων
798 2817 871 2881 ἕνεκ’
891 2818 1001 2891 ἤλυθον
1018 2818 1200 2906 αἰχμητάων

465 2921 551 3013 δεῦρο
568 2928 783 3013 μαχησόμενος,
799 2931 863 2992 ἐπεὶ
879 2929 913 2993 οὔ
929 2929 960 2991 τί
976 2952 1026 3014 μοι
1042 2929 1133 2992 αἴτιοί
1148 2935 1228 2992 εἰσιν·

464 3039 498 3101 οὐ
515 3039 572 3123 γάρ
588 3037 636 3101 πώ
653 3038 718 3101 ποτ’
739 3039 814 3123 ἐμάς
829 3041 899 3119 βοῦς
913 3039 1043 3118 ἤλασαν,
1059 3032 1130 3102 οὐδὲ
1147 3039 1201 3124 μὲν
1216 3041 1332 3114 ἵππους,

466 3141 618 3211 οὐδέποτ’
640 3153 670 3212 ἐν
687 3146 768 3230 Φθίη
786 3150 947 3233 ἐριβώλακι
962 3149 1141 3234 βωτιανείρῃ

466 3256 581 3342 καρπὸν
597 3251 778 3328 ἐδηλήσαντ’
798 3261 868 3320 κτλ.

378 3369 493 3444 Quibus
509 3392 545 3429 ex
561 3372 659 3430 verbis
675 3371 755 3430 haud
771 3371 858 3432 dubie
875 3372 1111 3432 concludendum
1131 3371 1382 3450 οεί,ἰ11ἱείειυρο-

318 3480 399 3538 ribus
417 3480 495 3539 bella
509 3489 625 3540 tantum
641 3481 768 3559 praedae
784 3481 941 3541 faciundae
956 3482 1005 3541 vel
1023 3482 1184 3542 ulciscendi
1199 3502 1289 3541 causa
1301 3490 1386 3558 gesta

313 3610 384 3650 esse.
438 3591 584 3670 Equidem
616 3591 671 3649 hac
701 3592 732 3649 in
754 3612 786 3651 re
806 3612 922 3670 prorsus
946 3592 1212 3652 Naucnusmcfflo
1231 3592 1382 3664 assentior,

313 3703 364 3779 qui
380 3701 453 3760 adl.
469 3701 486 3758 l.
511 3702 585 3760 haec
605 3700 729 3760 adnotat
745 3700 794 3777 (cf.
817 3701 917 3761 adnot.
935 3702 973 3762 ad
988 3701 1024 3761 Il.
1040 3722 1069 3780 p.
1088 3702 1156 3778 71)=
1179 3702 1255 3775 „Die
1270 3701 1383 3777 Kriege

315 3809 368 3868 der
388 3811 567 3870 Heroenzeit
592 3811 659 3870 sind
681 3813 737 3871 wic
760 3815 812 3870 wir
836 3812 912 3870 auch
936 3831 988 3870 aus
1010 3811 1111 3870 diesen
1126 3811 1241 3871 Versen
1260 3812 1384 3871 crsehen

315 3919 400 3976 nicht
415 3940 474 3978 von
490 3921 660 3998 politischer
674 3921 863 3999 Bedeutung,
884 3923 967 3982 nicht
981 3919 1286 3999 Eroberungskricge‚
1301 3922 1385 3980 nicht

316 4029 450 4107 Kampsa
473 4049 521 4088 um
546 4032 731 4108 Hegemonie
754 4053 781 4090 u.
804 4031 896 4152 dapib
921 4030 1049 4091 sondem
1069 4029 1169 4090 Raub-
1190 4032 1252 4091 und
1270 4032 1384 4090 Rache-
