3176 4898
736 335 936 428 ji..-

304 525 482 582 mentionem
497 525 564 596 feci,
581 532 737 602 propterea
748 523 827 602 quod
842 525 872 581 in
888 525 944 582 hac
960 525 1054 584 altera
1069 525 1276 604 disputationis
1288 535 1373 604 parte

303 634 408 692 melius
423 632 459 692 de
474 635 510 692 iis
526 633 674 710 agendum
695 653 757 693 esse
772 633 937 708 videbatur,
955 637 1065 714 quippe
1080 637 1131 714 qui
1152 635 1229 695 bello
1244 639 1373 696 maxime

304 742 475 822 probarent,
504 746 607 823 quanti
627 745 766 802 momenti
789 743 917 802 habendi
945 754 1050 804 essent.
1095 747 1202 805 Statim
1227 747 1282 805 hoc
1308 747 1375 806 loco

304 854 422 913 libellus
433 854 706 913 commemorandus
721 863 772 926 est,
785 874 872 932 quem
888 854 1007 914 Kostka
1022 854 1077 930 „de
1088 856 1282 934 praeconibus
1293 857 1373 935 apud

305 965 487 1024 Homerum“
508 986 587 1023 anno
613 967 691 1023 1844
706 963 830 1042 Lyckae
853 963 955 1022 edidit.
1000 965 1042 1022 Et
1062 964 1099 1024 de
1119 967 1231 1041 origine
1253 967 1373 1045 quidem

304 1093 482 1152 praeconum
502 1074 578 1132 nihil
603 1092 639 1132 ex
667 1092 701 1132 eo
727 1072 964 1133 concludendum
985 1083 1037 1147 est,
1060 1074 1140 1153 quod
1159 1072 1295 1135 (interval
1312 1063 1372 1135 δῖοι

304 1185 451 1244 dicuntur.
493 1185 585 1243 Velut
600 1179 627 1241 Δ
644 1185 703 1242 192
720 1185 794 1242 haec
808 1182 900 1242 verba
914 1184 1068 1260 leguntur=

456 1292 508 1354 καὶ
523 1288 691 1371 Ταλθύβιον
706 1289 784 1354 θεῖον
799 1290 915 1376 κήρυκα
929 1284 1083 1376 προσηύδα

304 1416 333 1462 et
351 1401 376 1464 K
395 1409 455 1464 315
472 1399 533 1475 υἱὸς
547 1402 673 1486 κήρυκος
689 1397 787 1463 θείοιο.
817 1399 886 1463 Δῖοι
907 1423 1023 1482 quoque
1039 1405 1228 1482 appellantur
1245 1401 1277 1464 M
1294 1407 1372 1464 343:

303 1515 343 1572 ibi
364 1517 442 1573 enim
463 1515 652 1574 Menestheus
666 1514 813 1572 Thootam
828 1513 1008 1572 Graecorum
1024 1534 1199 1592 praeconem
1215 1515 1373 1592 alloquitur

256 1636 258 1640 ’
303 1614 350 1684 δῖε
365 1621 493 1686 Θοῶτα.
996 1701 998 1704 ¹

364 1733 454 1793 Adde
468 1735 548 1813 quod
563 1723 683 1817 διίριλοι
697 1734 728 1792 Θ
745 1738 805 1793 517
821 1736 1023 1813 appellantur:

453 1843 575 1925 κήρυκες
591 1835 617 1903 δ’
636 1843 695 1904 ἀνὰ
712 1842 789 1903 ἄστυ
806 1835 933 1928 διίριλοι.

369 1953 429 2014 Sed
456 1955 687 2014 Scaoauauuus
713 1955 844 2024 (Griech.
871 1956 1001 2014 Alterth.
1020 1959 1032 2017 1
1053 1975 1081 2033 p.
1100 1953 1152 2032 24)
1175 1955 1370 2015 Nmascmuu

304 2098 344 2105 -—
357 2065 393 2124 cf.
409 2064 478 2122 adn.
496 2065 534 2122 ad
548 2085 578 2148 γ,
595 2066 654 2123 265
671 2097 709 2106 -
728 2074 844 2124 secutus
855 2067 1000 2145 exposuit,
1010 2060 1086 2135 θεῖος
1101 2072 1130 2124 et
1146 2053 1209 2136 δῖος
1224 2065 1374 2124 adieetiva

305 2175 380 2233 nihil
410 2173 491 2233 aliud
520 2175 686 2250 significare
715 2178 772 2234 nisi
801 2178 897 2235 virum
927 2177 1079 2252 egregium
1109 2184 1139 2234 et
1168 2176 1371 2234 excellentem.

302 2285 386 2343 Dicit
401 2286 492 2344 enim:
515 2273 574 2345 δῖοι
589 2285 648 2343 und
665 2281 737 2346 θεῖοι
752 2285 781 2345 d.
797 2287 825 2344 h.
842 2284 889 2344 die
912 2287 966 2344 mit
985 2285 1193 2362 gottbegabter
1211 2285 1371 2344 Trefflich·

304 2395 366 2454 leit
381 2395 572 2454 versehenen.
615 2396 680 2454 Nec
696 2415 766 2454 vero
781 2397 957 2468 omittamus,
973 2396 1054 2474 “ipsos
1075 2414 1236 2475 praecones
1250 2396 1372 2454 heroum

302 2505 469 2564 nominibus
483 2505 640 2563 honoratos
654 2523 716 2575 esse
732 2505 769 2565 cf.
785 2524 804 2563 σ
819 2507 880 2564 423
896 2524 930 2584 sq

453 2621 549 2674 τοῖσιν
565 2603 600 2674 δὲ
615 2617 751 2698 κρητῆρα
765 2610 937 2698 κεράσσατο
953 2610 1086 2686 Μούλιος
1100 2611 1187 2696 ἥρως,

453 2714 545 2806 κῆρυξ
561 2721 741 2808 Δουλιχιεύς,
795 2791 796 2794 ¹

367 2835 546 2894 Eustachius
561 2855 676 2915 quoque
690 2837 722 2894 in
738 2837 955 2894 commentariis
970 2835 1008 2894 ad
1020 2834 1185 2913 Odysseam
1201 2836 1317 2914 scriptis
1332 2835 1372 2894 ad

303 2967 318 3004 υ
334 2947 394 3004 276
406 2945 544 3004 adnotat:
558 2943 684 3027 κήρυκες
696 2934 731 3004 δὲ
743 2943 865 3005 οἱκατὰ
878 2939 934 3013 τὴν
947 2941 1068 3011 Ἰθάκην
1085 2935 1223 3028 δημόσιοι
1238 2944 1371 3007 ἐνταῦθα

303 3056 457 3131 νοουνται,
479 3053 573 3114 claui
588 3062 656 3125 ταῖς
671 3051 781 3126 θυσίαις
797 3052 962 3140 ὑπούργουν
977 3051 1054 3115 θεῖον
1069 3055 1155 3138 γένος
1170 3053 1255 3127 ὄντες
1270 3056 1322 3116 καὶ
1337 3055 1373 3116 οὐ

302 3163 393 3248 μόνον
409 3156 527 3246 ἀνδρῶν
544 3161 670 3250 ἄγγελοι
686 3164 769 3225 ἀλλὰ
783 3165 836 3224 καὶ
850 3163 936 3240 θεῶν,
956 3161 1032 3235 cirri
1051 3161 1144 3236 Ἰλιὰς
1164 3154 1262 3233 δηλοῖ.
1306 3167 1373 3227 Iam

302 3295 372 3334 vero
393 3275 552 3354 quaeritur,
580 3293 637 3352 quo
662 3275 727 3332 loco
753 3293 914 3353 praecones
940 3276 1003 3332 nati
1029 3294 1091 3334 esse
1117 3274 1284 3336 videantur.
1331 3277 1372 3336 Et

301 3385 420 3444 Koetka
440 3382 573 3463 quidem,
600 3384 682 3442 cuius
708 3382 841 3443 libellum
869 3382 906 3442 de
931 3384 1125 3462 praeconibus
1150 3387 1292 3464 scriptum
1312 3387 1373 3446 iam

301 3495 542 3567 commemoravi,
563 3500 674 3565 censet,
695 3513 856 3571 praecones
877 3495 1010 3554 homines
1024 3495 1168 3570 ingenuos
1183 3516 1243 3554 non
1258 3515 1274 3555 e
1288 3499 1374 3573 regia

301 3607 392 3684 stirpe
407 3604 459 3665 sed
474 3623 491 3664 e
505 3603 615 3683 populo
630 3602 769 3663 oriundos
784 3604 881 3663 fuisse.
928 3603 985 3663 cui
1000 3606 1165 3664 sententiae
1185 3625 1246 3664 non
1266 3605 1372 3679 obstat,

300 3712 379 3794 quod
393 3733 553 3794 praecones
566 3712 675 3775 divites
690 3715 779 3774 fuisse
795 3712 947 3774 videntur:
968 3715 1107 3792 leguntur
1122 3716 1201 3776 cuim
1217 3711 1243 3773 ll
1262 3717 1323 3774 314
1340 3735 1373 3794 sq

302 3822 375 3882 haec
389 3822 452 3882 fere
467 3822 572 3882 verba:

456 3922 492 3998 ἦν
509 3922 543 3992 δέ
558 3953 603 4004 τις
618 3933 650 3994 ἐν
666 3926 804 4016 Τρώεσσι
818 3930 927 3995 Δόλων
943 3926 1098 4018 Εὐμήδεος
1113 3931 1174 4005 υῑύς

454 4037 581 4122 κήρυκος
595 4037 693 4118 θείοιο,
708 4042 894 4131 πολύχρυσος
909 4041 1112 4128 πολύχαλκος.

782 4152 915 4240 *ι
