3176 4898
814 265 856 330 40

302 461 410 512 carent.
455 455 547 514 Velut
569 455 600 512 in
623 453 721 513 media
744 455 807 514 acie
831 449 864 513 M
887 455 948 512 343
971 473 1005 532 sq
1024 454 1170 516 Thootam
1193 477 1369 535 praeconem
1461 514 1463 520 .

302 562 410 623 Aiaces
425 562 602 623 advocatum
618 563 807 624 Menestheus
822 565 908 637 misit,
924 563 970 622 his
984 563 1083 623 verbis
1097 583 1164 624 eum
1179 566 1345 648 alloquens:

455 674 548 757 ἔρχεο,
564 663 609 734 δῖε
626 671 754 748 Θοῶτα,
771 668 847 733 θέων
864 668 984 733 Αἴαντα
998 669 1158 752 κάλεσσον,

455 781 618 868 ἀμφοτέρω
635 778 688 866 μὲν
705 783 834 866 μᾶλλον·
850 779 865 841 ὃ
880 780 937 868 γάρ
953 780 977 843 κ’
995 779 1036 869 ὄχ’
1053 781 1073 843 ἄ
1091 805 1175 845 ιστον
1186 781 1343 847 ἁπάντων.

365 892 425 967 Qui
439 894 560 973 quidem
579 913 685 972 praeco
700 893 798 950 statim
813 891 922 951 Aiaces
941 913 1087 954 arcessere
1106 895 1267 956 festinavit.
1311 896 1373 954 Hic

301 1025 361 1062 uno
390 1013 470 1064 certe
496 1003 587 1086 rerbo
617 1021 843 1061 commemorare
872 1003 974 1077 liceat,
1009 1024 1184 1084 praeconem
1217 1014 1370 1084 tamquam

302 1114 443 1173 adiutoris
468 1133 557 1193 quem
582 1112 685 1171 dicunt
710 1113 865 1170 castrensis
886 1133 1007 1172 munere
1028 1115 1164 1173 iunctum
1190 1134 1261 1174 esse.
1306 1116 1371 1174 Nee

301 1224 472 1301 negandum
495 1232 547 1296 est,
564 1241 631 1282 eum
653 1221 746 1280 multo
760 1222 870 1280 maiore
886 1225 1059 1283 auctoritate
1080 1245 1165 1282 usum
1191 1245 1255 1284 esse
1281 1245 1371 1304 quam

302 1334 388 1391 alios:
411 1352 507 1412 neque
530 1334 608 1392 enim
629 1331 714 1391 aliter
735 1331 879 1409 explicari
898 1340 1002 1410 potest,
1020 1333 1170 1412 vquomodo
1190 1334 1302 1393 factum
1325 1337 1371 1407 sit,

305 1454 337 1501 ut
352 1464 458 1522 praeco
480 1442 578 1502 media
597 1462 700 1522 pugna
722 1440 759 1500 ab
785 1441 877 1500 altero
903 1442 966 1502 loco
991 1441 1030 1501 ad
1056 1444 1180 1503 alterum
1196 1446 1372 1523 perveniret.

303 1552 432 1612 Omnino
447 1572 607 1632 praecones
623 1573 681 1610 non
696 1560 759 1610 tam
780 1552 906 1609 ministri
926 1572 1015 1631 quam
1035 1553 1183 1627 adiutores
1204 1556 1372 1633 principum

302 1664 393 1722 fuisse
408 1664 479 1722 mihi
494 1663 641 1722 videntur.
687 1660 784 1735 Quam
799 1659 918 1739 quidem
938 1664 1114 1721 sententiam
1135 1685 1195 1722 uon
1211 1685 1245 1723 eo
1267 1667 1372 1742 negari

302 1793 416 1846 censeo,
431 1773 511 1852 quod
527 1771 737 1852 aprincipibus
748 1789 907 1848 praecones
922 1772 1002 1830 missi
1018 1781 1095 1846 sunt,
1108 1794 1174 1831 eum
1191 1775 1281 1832 etiam
1296 1775 1372 1834 alius

302 1885 368 1962 quis
390 1885 467 1942 mitti
493 1883 643 1961 potuisset.
688 1882 781 1941 Velut
801 1882 920 1941 Alcinoi
945 1883 1025 1941 iussu
1048 1879 1120 1952 047
1143 1905 1249 1963 praeco
1272 1894 1371 1945 vatem

302 1995 456 2052 arcessivit

454 2097 548 2185 κῆρυξ
563 2092 598 2163 δὲ
614 2100 771 2186 ρετῴχετο
785 2100 864 2164 θεῖον
881 2093 992 2164 ἀοιδόν.

366 2215 457 2273 Porro
483 2234 550 2272 cum
573 2215 769 2273 Telemachus
795 2215 936 2273 Ithacam.
956 2233 1090 2273 reversus
1115 2215 1202 2272 matri
1229 2217 1370 2274 nuncium

303 2329 443 2386 missurus
458 2332 543 2397 esset,
557 2345 664 2403 praeeo
679 2325 847 2403 Penelopae
862 2345 929 2383 euru
945 2325 1054 2384 attulit.
1099 2323 1144 2384 Of.
1160 2344 1184 2383 π
1199 2327 1261 2384 328
1277 2346 1311 2404 sq

455 2427 552 2516 αὐτὰρ
568 2431 686 2517 κήρυκα
699 2431 829 2516 πρόεσαν
845 2425 940 2516 δόμον
955 2437 994 2504 εἰς
1006 2421 1174 2511 Ὀδυσῆος,

455 2541 600 2628 ἀγγελίην
616 2541 743 2626 ἐρέοντα
756 2541 906 2627 περίφρονι
920 2541 1127 2620 Πηνελοπείῃ.

366 2656 440 2730 Quis
465 2662 563 2713 autem
594 2663 647 2727 est,
676 2657 725 2735 qui
751 2664 854 2731 neget,
884 2654 1044 2734 quemlibet
1071 2657 1133 2713 sive
1162 2674 1279 2712 servum
1305 2656 1367 2714 sive

301 2767 427 2827 liberum
442 2773 472 2825 et
486 2765 690 2824 Demodocum
701 2786 847 2826 arcessere
861 2775 891 2824 et
905 2765 1071 2843 Penelopae
1082 2767 1224 2823 nuncium
1240 2765 1369 2843 perferre

301 2875 451 2957 potuisse?
473 2877 617 2935 Attamen
630 2893 736 2953 praeeo
751 2878 856 2935 missus
871 2884 924 2949 est,
939 2877 1049 2955 quippe
1069 2877 1116 2933 cui
1136 2874 1267 2934 oblatum
1281 2883 1366 2948 esset,

302 2997 331 3048 et
351 2989 482 3046 homines
498 3005 643 3044 arcessere
663 2995 693 3046 et
714 2989 838 3046 nuncios
858 2988 941 3046 ferre.
988 2985 1038 3045 Sic
1053 2987 1142 3045 etiam
1157 2984 1367 3065 explicandum

301 3107 353 3171 est,
370 3117 545 3176 praeconem
563 3096 643 3156 Ulixi
659 3107 771 3156 vestem
786 3097 918 3157 attulisse
934 3097 971 3156 cf.
988 3092 1013 3155 B
1031 3098 1090 3155 183
1107 3117 1141 3175 sq

605 3204 663 3273 τόν
679 3197 872 3289 (χλαῖναν)δ’
892 3203 1050 3289 ἐκόμισσεν

452 3309 547 3398 κῆρυξ
560 3313 740 3399 Εὐρυβάτης
751 3312 928 3390 Ἰθακήσιος,
944 3313 974 3388 ός
991 3320 1018 3376 οὶ
1034 3304 1151 3383 tester.

366 3425 589 3487 Consideranda
604 3435 704 3485 autem
720 3436 788 3486 sunt
803 3428 894 3488 verba
909 3428 1024 3488 addita:
1048 3423 1079 3499 ’ός
1094 3431 1121 3489 σί
1137 3416 1240 3495 ὀπήδει
1261 3451 1301 3476 =
1317 3428 1369 3506 qui

300 3560 367 3599 eum
388 3535 564 3616 sequebatur
588 3537 639 3595 vel
664 3537 865 3598 comitabatur.
915 3539 1050 3620 Apparet
1075 3541 1166 3617 igitur
1191 3557 1366 3618 praeconem

301 3669 416 3728 semper
430 3648 552 3708 'Ulixem
567 3656 701 3708 secutum
721 3669 783 3708 esse
803 3658 955 3730 tamquam
976 3651 1139 3710 adiutorem
1154 3649 1202 3708 vel
1221 3656 1254 3706 ut
1274 3649 1365 3706 nostri

301 3759 409 3818 milites
424 3757 541 3818 dicunt:
574 3758 771 3832 ,‚Adiutant.“
815 3761 930 3820 Horum
952 3762 1030 3820 enim
1051 3761 1180 3818 virorum
1202 3758 1367 3818 condicioni

300 3888 478 3949 praeconum
505 3866 716 3928 homerioorum
744 3870 945 3929 condicionem
972 3870 1020 3938 hic
1047 3879 1076 3928 et
1102 3869 1162 3927 illic
1188 3869 1366 3928 simillimam

300 3979 390 4038 fuisse
406 3999 522 4057 prorsus
534 3979 605 4038 mihi
621 3999 791 4058 persuasum
808 3988 859 4037 est.
