3176 4898
741 267 782 331 39

226 457 417 518 concionibus
426 455 505 515 infra
513 453 631 514 dicendi
642 454 723 514 locus
730 456 787 515 erit
802 488 843 511 -.
872 454 979 514 Statim
995 455 1079 512 initio
1094 452 1161 512 libri
1177 454 1297 513 alterius

228 565 583 647 Odysseae'l‘elemaohus
590 583 750 643 praecones
761 563 843 624 iubet
853 564 995 642 populum
1003 582 1117 640 cogere.
1137 562 1296 643 Otptsqq

380 669 454 758 αἶψα
469 663 503 735 δὲ
517 670 675 756 κηρύκεσσι
689 669 914 759 λιγυφθόγγοισι
929 669 1070 733 κέλευσεν

379 783 537 870 κηρύσσειν
552 776 701 871 ἀγορήνδε
715 781 974 866 καρηκομόωντας
986 777 1131 864 Ἀχαιούς

281 881 285 888 ’
379 891 476 977 οἱμὲν
493 890 667 978 ἐκήρυσσον,
681 891 732 954 τοὶ
746 883 773 952 δ’
794 889 952 979 ἠγείροντο
968 889 1036 977 μάλ’
1057 883 1133 950 κύκα.

291 1007 357 1066 Nec
371 1007 539 1064 omittamus
554 1003 722 1064 Minervam
735 1022 854 1082 quoque
873 1021 1050 1081 praeconem
1070 1021 1100 1060 se
1123 1020 1187 1062 esse
1209 1002 1297 1060 simu·

227 1117 339 1176 tantem
364 1116 516 1175 Phaeaces
544 1113 583 1172 ad
612 1114 783 1173 concionem
810 1111 978 1172 habendam
1007 1130 1184 1171 convocare:
1217 1111 1255 1170 cf.
1281 1106 1297 1169 θ

229 1229 316 1305 quq
464 1311 484 1376 ἡ
500 1297 526 1368 3,
545 1302 605 1368 ἀνὰ
619 1305 697 1368 ἄστυ
713 1303 870 1391 μετῴχετο
886 1299 1017 1376 Παλλὰς
1028 1303 1035 1325 ’
1046 1299 1155 1380 bibite

378 1408 519 1501 εἰδομένη
536 1415 643 1500 κήρυκι
659 1407 816 1500 δαΐφρονος
826 1410 1012 1492 Ἀλκινόοιο,

380 1637 431 1698 καί
446 1637 484 1722 ῥα
499 1633 622 1714 ἑκάστῳ
637 1634 716 1719 φωτὶ
732 1631 941 1718 παρισταμένη
957 1641 1039 1717 φάτο
1055 1629 1157 1718 μῦθον.

292 1748 407 1808 Eodem
429 1755 529 1807 autem
549 1745 635 1805 modo
655 1745 764 1806 Graeci
783 1747 815 1804 in
841 1747 944 1805 eastris
958 1745 999 1804 ad
1024 1765 1156 1824 pugnam
1171 1766 1190 1803 a
1213 1765 1298 1824 prae-

224 1859 349 1919 conibus
363 1859 516 1918 convocati
531 1865 613 1916 sunt:
636 1857 674 1916 ef.
692 1851 793 1914 13442
810 1875 843 1935 sq
930 1849 932 1855 ’

381 1964 493 2028 αὐτίκα
507 1964 665 2050 κηρύκεσσι
679 1961 906 2051 λιγυφθόγγοισι
920 1960 1061 2024 κέλευσεν

382 2075 538 2161 κηρύσσειν
553 2066 724 2158 πόλεμόνδε
737 2072 995 2158 καρηκομόωντας
1006 2069 1159 2156 Ἀχαιούς.

291 2210 476 2284 Quibuscum
499 2210 632 2271 versibus
652 2209 745 2270 verba
769 2211 901 2270 conferre
920 2211 1002 2284 licet,
1030 2228 1107 2289 quae
1125 2205 1159 2268 Λ
1179 2211 1240 2268 685
1264 2231 1297 2288 sq

228 2321 381 2396 leguntur:

379 2430 506 2514 κήρυκες
523 2419 549 2488 δ’
568 2428 720 2515 έλίγαινον
735 2427 784 2515 ἅμ’
803 2431 856 2498 ήοῒ
868 2427 1081 2514 φαινομένηφιν

380 2534 451 2610 τοὺς
465 2540 532 2622 ’ίμεν
547 2533 604 2600 οἷσι
618 2548 713 2624 χρεῖος
728 2537 856 2623 ὀφείλετ’
877 2542 908 2601 ἐν
919 2529 1026 2602 Ἤλιδι
1042 2528 1102 2621 δίη.

292 2647 381 2710 Adde
413 2650 495 2729 quod
527 2671 688 2730 praecones
723 2651 831 2710 milites
866 2659 981 2710 coactos
1016 2652 1104 2710 silere
1132 2669 1167 2708 ac
1200 2658 1298 2710 tacere

227 2761 376 2820 iusserunt
391 2780 458 2818 cum
478 2761 625 2840 principes
640 2760 680 2820 ad
698 2759 881 2840 loquendum
900 2762 1103 2821 sumexissent.
1148 2759 1240 2819 Cuius
1255 2761 1297 2819 rei

228 2869 407 2929 documento
421 2869 512 2929 verba
527 2879 604 2944 sunt,
620 2891 697 2950 quae
712 2866 737 2929 B
754 2872 793 2931 96
810 2891 864 2950 sqq
878 2871 1071 2930 inveniuntur

584 2978 672 3041 έννέα
686 2971 721 3040 δέ
736 2999 829 3063 σφεας

380 3088 504 3173 κήρυκες
521 3088 669 3170 βοόωντες
684 3087 820 3173 ἐρήτυον,
835 3090 863 3150 εί
875 3088 941 3150 ποτ’
962 3090 1058 3161 ἀυτής
1077 3075 1080 3082 ‚

379 3197 510 3282 σχοίατ’,
526 3198 687 3261 ἀκούσειαν
703 3190 738 3260 δὲ
754 3189 937 3283 διοτρεφέων
952 3197 1108 3278 βασιλήων

378 3299 498 3390 σπουδῇ
514 3300 540 3370 δ’
560 3300 648 3382 ἕζετο
662 3308 746 3387 λαός,
763 3304 905 3396 ἐρήτυθεν
923 3296 957 3370 δὲ
971 3305 1037 3370 καθ’
1057 3300 1145 3395 ἕδρας

379 3418 566 3503 παυσάμενοι
580 3421 728 3507 κλαγγῆς.

292 3530 431 3590 Necnon
448 3528 487 3589 Ψ
502 3533 562 3590 567
580 3551 614 3610 sq
632 3551 738 3610 praeeo
757 3531 866 3590 milites
885 3539 984 3591 tacere
1004 3531 1121 3590 iussisse
1144 3539 1297 3590 narratur:

583 3638 615 3701 έν
632 3629 657 3700 δ’
677 3637 737 3723 ἄρα
750 3633 844 3724 κήρυξ
1261 3615 1263 3624 Δ

379 3747 462 3834 χερσὶ
478 3757 632 3833 σκήπτρον
649 3747 744 3826 ἔθηκε,
763 3747 911 3817 σιωπῆσαί
926 3749 951 3810 τ’
972 3747 1139 3812 ἐκέλευσεν.

293 3860 357 3920 Nec
373 3861 467 3920 solum
482 3861 676 3940 praeconibus
689 3858 726 3919 ad
741 3859 884 3939 populum
896 3859 1119 3920 convocandum
1131 3859 1297 3942 utebantur,

163 4025 176 4045 ,
227 3969 392 4030 sedetiam
419 3969 619 4042 mittebantur,
639 3971 689 4050 qui
714 3991 807 4029 unum
833 3971 994 4029 alterumve
1019 3972 1184 4050 principem
1210 3970 1299 4030 advo-
