3176 4898
734 307 934 402 „as-

302 493 399 553 verbis
414 516 489 573 quae
505 495 520 552 I
538 497 598 555 632
615 515 668 575 sqq
682 496 829 572 leguntur,
846 504 976 574 apparet,
1000 514 1097 574 poena
1117 471 1213 554 soluta
1234 515 1302 554 eum
1320 496 1371 574 qui

303 603 424 663 caedem
439 607 622 679 commiserit,
640 605 718 665 domi
733 607 882 665 mansisse.
928 605 1046 684 Scripta
1060 615 1159 666 autem
1174 606 1247 664 haec
1262 612 1345 664 sunt:

539 714 591 776 καὶ
607 713 661 799 μέν
677 713 722 787 τίς
735 735 772 775 τε
786 712 980 799 κασιγνήτοιο
996 722 1104 798 φονῆος

454 821 559 892 ποινὴν
574 823 593 895 ἤ
609 814 644 885 οὗ
659 815 766 896 παιδὸς
781 816 910 902 ἐδέξατο
924 821 1103 896 τεθνηῶτος·

455 933 507 995 καί
522 932 543 1019 ῥ’
563 932 579 993 ὁ
595 931 650 1018 μὲν
666 935 698 994 ἐν
714 923 801 1016 δήμῳ
817 933 898 1018 μένει
914 932 1009 994 αὐτοῦ
1024 932 1110 994 πόλλ’
1131 932 1290 1006 ἀποτίσας,

455 1048 512 1106 τοῦ
528 1036 562 1104 δέ
577 1043 602 1104 τ’
623 1043 784 1127 ἐρητύεται
799 1031 906 1126 κραδίη
922 1041 974 1105 καὶ
988 1039 1079 1128 θυμὸς
1093 1043 1214 1129 ἀγήνωρ

455 1153 561 1222 ποινὴν
585 1141 759 1236 δεξαμένου.

285 1277 288 1283 ·
369 1262 450 1337 Quid
464 1265 578 1323 multa?
600 1264 772 1337 Videamus,
786 1285 933 1344 quaenam
947 1267 1019 1324 iuris
1033 1265 1167 1343 gentium
1181 1265 1308 1340 vestigia
1323 1264 1371 1322 hic

308 1382 480 1450 appareant.
524 1375 566 1434 Et
588 1377 619 1434 in
642 1395 675 1435 eo
694 1374 815 1454 quidem
833 1374 911 1453 quod
935 1395 1032 1453 poena
1050 1375 1147 1434 soluta
1169 1375 1371 1433 satisfactum

305 1492 375 1554 erat,
392 1505 451 1542 non
466 1492 527 1543 tam
541 1486 613 1543 iuris
627 1486 759 1561 gentium
776 1505 865 1563 quam
881 1487 999 1544 omnino
1014 1486 1085 1543 iuris
1104 1485 1231 1560 vestigia
1245 1503 1369 1542 cernun-

305 1600 362 1652 tur.
392 1593 505 1670 Negari
520 1595 598 1653 enim
613 1596 716 1672 nequit
730 1594 770 1652 ibi
786 1595 831 1653 ius
846 1595 947 1670 magni
961 1594 1095 1654 habitum
1110 1613 1180 1666 esse,
1198 1593 1248 1652 ubi
1264 1593 1369 1652 caedes

250 1702 252 1707 ’
306 1703 368 1760 sive
384 1703 516 1761 consulto
539 1725 573 1762 ac
596 1705 722 1781 cogitate
746 1706 807 1764 sive
826 1713 936 1764 temere
956 1724 992 1762 ac
1012 1706 1132 1762 fortuito
1153 1705 1306 1762 commissa
1326 1703 1369 1760 lui

306 1813 410 1890 potuit.
455 1812 515 1872 Sed
530 1813 600 1873 inde
619 1813 659 1872 ad
681 1822 813 1873 nostrum
835 1816 1013 1893 propositum
1036 1813 1147 1892 aliquid
1170 1813 1370 1889 colligendum

308 1941 371 1980 esse
386 1921 481 1995 credo,
507 1923 586 2001 quod
612 1944 713 1983 omnes
735 1924 778 1981 illi
794 1926 844 2002 qui
860 1944 948 2003 supra
974 1925 1191 1983 commemorati
1217 1931 1294 1996 sunt,
1319 1922 1370 1980 ubi

307 2033 435 2111 primurn
455 2035 486 2092 in
508 2034 636 2092 alienam
656 2043 764 2092 terram
780 2035 928 2109 fugerunt,
948 2033 1063 2093 abiecta
1084 2035 1164 2092 omni
1183 2033 1372 2092 cunctatione

308 2145 425 2222 excepti
440 2152 516 2202 sunt.
562 2143 663 2217 Quid?
691 2144 768 2222 quod
784 2145 888 2204 Ulixes
910 2165 925 2203 ν
946 2146 1006 2203 259
1027 2165 1081 2224 sqq
1103 2145 1198 2216 finxit,
1219 2163 1250 2202 se
1265 2141 1375 2202 Orsilo-

309 2253 397 2311 chum
412 2253 526 2313 insidiis
548 2255 737 2328 interfecisse,
759 2255 836 2313 haud
854 2256 969 2326 timens,
992 2275 1029 2314 ne
1044 2255 1188 2326 Minerva,
1211 2273 1300 2332 quam
1315 2273 1376 2312 non

310 2372 482 2440 agnoverat,
512 2384 574 2424 sese
603 2365 757 2424 averteret.
817 2365 892 2422 Erat
922 2366 1000 2423 enim
1019 2399 1060 2408 -
1075 2373 1108 2423 ut
1129 2364 1376 2422 Nancuusanom

313 2471 413 2550 (theol.
430 2475 506 2532 hcm.
522 2496 551 2553 p.
569 2473 643 2552 293)
662 2456 762 2533 ¹verbis
776 2483 843 2533 utar
857 2507 898 2516 -
919 2495 1032 2533 summa
1051 2475 1167 2532 illorum
1188 2475 1376 2551 antiquorum

311 2591 477 2662 temporum
497 2586 676 2664 simplicitas.
722 2586 787 2643 Iam
802 2604 872 2643 vero
892 2584 931 2642 ad
950 2586 1149 2663 quaestionem
1172 2582 1378 2662 perdifficilem

309 2700 499 2753 transeamus.
531 2694 690 2769 Quaeritur
705 2697 782 2753 enim
797 2695 853 2752 hoc
868 2696 931 2752 loco
947 2714 1093 2772 quaenam
1109 2696 1227 2752 omnino
1242 2693 1376 2770 gentium

310 2804 443 2864 condicio
463 2805 522 2862 illis
544 2803 723 2883 temporibus
743 2805 841 2864 fuerit.
885 2805 927 2863 Et
945 2805 1235 2863 Naucansssornus
1256 2802 1376 2881 quidem

310 2912 413 2990 (theol.
429 2914 505 2973 hom.
521 2936 548 2993 p.
566 2909 640 2995 294)
658 2923 767 2988 censet,
783 2933 898 2974 omnem
913 2914 1055 2993 populum
1070 2915 1183 2972 hostem
1199 2915 1260 2971 eius
1275 2912 1377 2991 populi

311 3024 409 3098 fuisse,
426 3045 551 3104 quocum
567 3047 627 3085 non
642 3027 736 3104 pactis
751 3025 925 3084 coniunctus
939 3033 1029 3084 esset:
1046 3023 1100 3082 ‘cui
1114 3022 1147 3083 Ο.
1162 3023 1213 3082 Fr.
1224 3024 1376 3081 Hannon-

311 3152 370 3194 uus
401 3119 438 3193 in¹
462 3135 535 3194 libro
565 3157 616 3194 suo
637 3134 814 3210 „Lehrbuch
844 3135 897 3194 der
921 3135 1125 3211 griechischen
1147 3132 1377 3211 Antiquitaten“

312 3243 348 3301 1⁴
376 3264 405 3322 p.
446 3247 486 3305 38
519 3247 687 3305 assentitur.
741 3246 785 3306 At
822 3235 1053 3306 Scuoaunu'uus
1090 3244 1208 3304 Gricch.
1246 3241 1376 3302 Alterth.

311 3354 369 3412 vol.
398 3357 413 3412 l
442 3375 470 3434 p.
499 3357 539 3413 46
563 3354 608 3434 sq)
641 3364 744 3433 negat,
776 3363 880 3433 gentes
919 3357 997 3415 inter
1029 3373 1061 3413 se
1085 3355 1170 3412 nulla
1195 3372 1285 3411 causa
1315 3351 1377 3411 bel-

311 3465 395 3524 lasse.
451 3463 615 3524 Videamus
638 3467 698 3525 iam
723 3485 880 3545 quemnam
906 3484 1070 3545 sequamur.
1125 3463 1319 3522 Notissimum
1343 3482 1380 3521 ac

312 3576 372 3634 iam
387 3595 475 3654 supra
490 3583 747 3636 commemoratum
762 3584 814 3650 est,
829 3576 961 3636 advenas
979 3577 1173 3651 interrogatos
1188 3591 1259 3648 esso,
1279 3581 1378 3632 utrum

313 3694 489 3745 mercatores
507 3707 546 3745 an
565 3686 729 3766 praedones
749 3694 854 3746 essent.
910 3686 977 3745 Iam
996 3683 1190 3763 Thucydides
1213 3686 1243 3757 1,
1266 3683 1285 3743 5
1305 3682 1379 3742 haec

313 3795 404 3854 verba
429 3796 530 3856 habet:
559 3795 612 3857 καὶ
638 3799 666 3856 οἱ
690 3794 817 3856 παλαιοὶ
841 3798 905 3856 τῶν
930 3801 1065 3864 ποιητῶν
1091 3789 1148 3864 τὰς
1174 3789 1289 3864 πίστεις
1313 3795 1377 3852 τῶν

314 3903 553 3966 καταπλεόντων
569 3910 728 3992 πανταχοῦ
744 3903 853 3989 ὁμοίως
867 3906 1050 3988 ἐρωτῶντες,
1072 3901 1321 3984 stipendialem,
1338 3900 1378 3973 ὠς

314 4013 385 4077 οὔτε
399 4006 442 4076 ὧν
457 4013 656 4077 πυνθάνονται
672 4007 882 4089 ἀπαξιούντων
897 4010 933 4076 τὸ
950 4016 1046 4099 ἔργον,
1068 4007 1109 4085 οἷς
1128 4034 1165 4076 τε
1180 4010 1319 4098 ἐπιμελὲς
1334 4013 1377 4082 εἴη
