3176 4898
735 315 940 410 ..Μ

196 549 204 564 .
303 500 541 562 Consentaneum
557 512 656 562 autern
672 510 723 578 est,
739 511 856 563 tantum
876 505 1043 584 principum
1065 505 1227 564 sententias
1250 507 1281 564 in
1303 527 1372 564 con·

303 614 387 672 cione
414 612 452 672 ab
472 612 698 691 Agamemnone
725 622 875 692 respectas
896 633 973 674 esse:
999 616 1050 694 qui
1075 614 1195 694 quidem
1220 615 1369 694 principes

303 723 444 804 βασιλῆες
458 722 695 802 appellabantur.
733 724 777 782 Hi
793 744 862 784 vero
877 726 966 784 etiam
982 723 1020 784 ad
1035 743 1140 784 cenam
1156 723 1195 784 ab
1208 724 1368 802 Agamem·

302 853 380 893 none
401 834 519 892 invitati
539 842 621 893 sunt:
647 835 729 892 cuius
755 835 843 893 moris
868 834 1044 895 documento
1066 833 1157 893 verba
1182 843 1263 909 sunt,
1291 855 1369 914 quae

304 940 329 1002 B
344 946 404 1003 401
422 963 476 1022 sqq
490 943 643 1020 leguntur:

455 1049 615 1123 κίκλησκεν
632 1042 667 1113 δὲ
681 1049 828 1138 γέροντας
842 1054 987 1138 ἀριστῆας
1001 1050 1199 1137 Παναχαιῶν,

455 1159 597 1246 Νέστορα
610 1159 666 1245 μὲν
681 1161 843 1247 πρώτιστα
857 1161 910 1224 καὶ
921 1156 1083 1246 Ἰδομενῆα
1099 1161 1229 1241 ἄνακτα,

456 1271 554 1356 αὐτὰρ
571 1270 661 1333 ἔπειτ’
682 1269 794 1335 Αἴαντε
811 1261 873 1334 ‹irio›
888 1272 941 1334 καὶ
956 1263 1072 1344 Τυδέος
1085 1269 1160 1350 υἱόν,

454 1380 545 1444 ἕκτον
562 1370 588 1442 δ’
607 1374 671 1442 αὕτ’
686 1373 833 1450 Ὀδυσῆα
848 1378 898 1441 Διὶ
912 1389 1004 1465 μῆτιν
1021 1383 1207 1460 ἀτάλαντον,

456 1491 630 1577 αὐτόματος
645 1482 679 1553 δέ
695 1495 722 1553 ot
735 1484 808 1562 ἦλθε
824 1489 897 1570 βοὴν
920 1489 1032 1579 ἀγαθὰς
1047 1491 1215 1566 Μενέλαος.

368 1604 444 1664 Ourn
459 1605 505 1662 his
519 1604 610 1680 igitur
626 1602 807 1663 Graecorum
822 1603 945 1663 ducibus
961 1605 1118 1664 concilium
1137 1600 1212 1664 illud
1234 1604 1367 1665 habitum

303 1724 355 1787 est,
373 1717 403 1773 in
418 1735 476 1794 qno
491 1713 529 1773 dc
543 1712 776 1790 Agamemnonis
791 1714 912 1773 consilio
926 1722 1028 1792 postea
1042 1716 1168 1792 pessime
1183 1735 1283 1774 casuro
1298 1737 1368 1792 age-

303 1826 398 1885 batur.
430 1826 488 1884 Hic
504 1825 663 1903 quaeritur,
680 1822 752 1902 quid
767 1822 888 1884 tandem
901 1825 1019 1883 omnino
1031 1824 1100 1883 illae
1112 1826 1258 1884 orationes
1270 1847 1369 1884 coram

304 1934 445 1994 militibus
460 1933 579 1993 habitae
595 1933 649 1993 sibi
664 1933 820 2006 voluerint,
842 1935 899 1992 nisi
921 1954 1000 1992 more
1022 1942 1173 2012 receptum
1189 1942 1261 2009 erat,
1283 1945 1316 1994 ut
1332 1936 1369 1995 de

303 2045 412 2104 talibus
427 2043 513 2103 rebus
529 2065 546 2102 a
561 2042 743 2122 principibus
754 2043 854 2123 palam
865 2051 1011 2120 ageretur.
1041 2042 1177 2123 Apparet
1189 2046 1277 2119 enim,
1290 2046 1357 2104 futu

303 2178 369 2215 rum
383 2156 488 2230 fuisse,
508 2162 541 2213 ut
556 2155 656 2214 dolum
671 2153 906 2231 Agamemnonis
920 2153 1083 2233 patefieret,
1106 2155 1163 2212 nisi
1182 2155 1290 2214 milites
1311 2156 1372 2214 iam

304 2265 445 2327 eiusmodi
462 2264 651 2346 concionibus
666 2264 870 2324 interfuerant.
900 2265 939 2322 In
953 2264 1006 2323 illa
1017 2272 1115 2325 autem
1130 2265 1278 2339 concione,
1294 2284 1372 2344 quae

304 2377 407 2436 habita
426 2383 482 2449 est,
503 2383 659 2454 postquam
681 2374 771 2434 duces
792 2394 859 2433 cum
877 2374 1104 2452 Agamemnone
1123 2374 1228 2450 eadem
1247 2375 1372 2435 consilia

304 2488 508 2563 agitaverunt,
534 2485 635 2543 nullae
657 2485 775 2544 omnino
797 2486 944 2544 orationes
963 2483 1082 2545 habitae
1104 2493 1188 2559 sunt,
1213 2493 1371 2565 propterea

305 2595 385 2677 quod
398 2595 514 2668 milites,
534 2592 585 2652 ubi
603 2595 732 2672 primum
753 2594 988 2672 Agamemnonis
1006 2595 1160 2655 consilium
1183 2594 1370 2670 audiverunt,

304 2709 404 2766 statim
418 2705 457 2764 ad
472 2724 565 2765 naves
578 2705 728 2782 fugerunt.
758 2705 864 2785 Neque
879 2706 965 2798 qliter
974 2706 1006 2764 in
1017 2707 1081 2784 ipso
1091 2705 1196 2764 iliadis
1207 2705 1292 2764 initio
1304 2725 1371 2764 cum

305 2816 438 2876 Achilles
463 2824 492 2876 et
513 2814 700 2892 Agamemno
725 2817 803 2875 inter
827 2835 858 2875 se
881 2815 1045 2894 litigarent,
1075 2815 1183 2876 Nestor
1209 2818 1371 2876 surrexisse

304 2935 454 3000 narratur,
481 2925 532 3006 qui
557 2947 617 2986 non
639 2926 732 3008 solum
754 2925 904 2985 Achillem
930 2925 981 2986 sed
1003 2927 1093 2986 etiam
1115 2926 1372 3004 Agamemnonem

304 3039 439 3117 quamvis
459 3057 604 3096 summum
623 3036 730 3097 ducem
750 3036 971 3111 adhortaretur,
995 3045 1029 3098 ut
1053 3037 1128 3097 alter
1151 3037 1236 3096 alteri
1259 3057 1371 3096 morem

304 3155 427 3225 gereret.
471 3146 531 3221 Qui
545 3147 609 3206 fieri
624 3148 733 3226 potuit,
753 3155 787 3206 nt
801 3146 910 3206 Nestor
927 3147 1019 3207 talem
1040 3146 1273 3207 adhortationem
1288 3145 1370 3224 Aga·

303 3257 453 3315 menmoni
473 3277 589 3337 quoque
610 3258 768 3337 proferret,
789 3257 846 3316 nisi
868 3258 955 3316 sociis
977 3257 1023 3315 ius
1047 3277 1083 3315 ac
1106 3265 1235 3336 potestas
1252 3255 1370 3317 dicendi

304 3365 387 3426 erat?
430 3365 533 3425 Plania
551 3367 643 3442 igitur
662 3364 759 3425 verbis
780 3386 847 3425 cum
867 3364 1018 3424 Achillem
1036 3374 1099 3424 tum
1114 3365 1370 3443 Agamemnonem

300 3476 413 3536 ¹Nestor
427 3477 560 3535 hortatus
575 3483 627 3547 est,
643 3481 676 3533 nt
691 3472 928 3554 obsequerentur.
960 3473 1006 3534 Cf.
1024 3470 1049 3534 A
1065 3477 1127 3534 274

456 3583 540 3646 ἀλλὰ
554 3580 669 3648 πίθεσθε
685 3582 737 3645 καὶ
752 3581 857 3667 ὔμμες,
871 3581 936 3645 ἐπεὶ
951 3581 1098 3647 πείθεσθαι
1113 3583 1242 3669 ἄμεινον.

368 3696 482 3773 Quodsi
504 3716 540 3757 ea
561 3715 637 3775 quae
652 3694 739 3755 modo
754 3695 888 3773 exposita
903 3703 979 3770 sunt,
1001 3695 1076 3756 bene
1091 3717 1154 3758 sese
1169 3697 1289 3770 habent,
1310 3717 1370 3756 non

303 3817 365 3867 tarn
380 3826 523 3887 apparere
542 3804 674 3880 videtur,
693 3804 901 3885 Thucydidem
925 3808 951 3881 1,
968 3810 986 3867 9
1006 3826 1057 3864 suo
1077 3808 1139 3866 iure
1154 3805 1266 3880 dicere,
1288 3807 1369 3884 Aga·

304 3937 489 3977 memnonem
515 3916 733 3996 expeditionem
758 3915 790 3976 in
815 3915 959 3976 Troianos
984 3917 1018 3976 οὐ
1040 3913 1141 3999 χάριτι
1164 3913 1201 3976 τὰ
1223 3916 1327 3977 πλεῖον
1350 3911 1369 3984 ἢ
1456 3893 1464 3900 “

304 4026 387 4111 φόβῳ
403 4047 595 4106 comparasse,
610 4046 699 4106 quam
711 4025 841 4086 Graecos
855 4035 941 4104 pacto
952 4027 1080 4106 quodam
1092 4027 1130 4088 ad
1142 4026 1252 4088 bellurn
1263 4047 1368 4106 paran-
