3176 4898
475 576 534 645 τὴν
551 575 615 637 ἐπεὶ
630 570 668 659 ἂρ
683 567 757 660 δεῦρ’
776 573 865 662 ique(
886 574 934 659 ἅμ’
956 575 1073 636 ἄλλοισι
1088 574 1276 656 κτεάτεσσιν,

479 681 521 770 ἂψ
538 684 554 747 ‘o'
569 706 606 772 γε
620 686 678 754 τὴν
694 684 829 747 ἀπέλυσε
842 680 947 764 λαβὼν
963 683 1099 769 ἀπερείσι’
1121 685 1240 748 ἄποινα.

391 865 476 939 Quae
495 885 562 923 oum
584 866 626 922 ita
646 883 708 923 sese
727 863 885 938 haberent,
910 885 970 923 non
991 883 1027 923 ea
1046 865 1221 925 crudelitate
1242 865 1350 926 Graeci
1365 876 1396 927 et

324 975 447 1033 Troiani
457 983 520 1032 tum
531 976 577 1032 usi
588 982 666 1047 sunt,
677 993 736 1052 qua
746 975 888 1052 'Perpetua
907 975 939 1033 in
953 973 1179 1053 antiquitatibus
1194 976 1348 1035 homericis
1363 997 1393 1054 p.

326 1085 387 1143 342
412 1102 461 1143 eos
486 1084 571 1142 nobis
597 1083 759 1162 descripsit.
812 1082 912 1158 „Quos
937 1086 1036 1156 vero“‚
1051 1085 1146 1162 inquit
1161 1086 1311 1163 Terpstra
1337 1103 1394 1158 „ex

325 1193 458 1252 hostibus
481 1193 656 1264 ceciderant,
673 1192 779 1253 Graeci
806 1202 857 1253 aut
871 1195 995 1253 Troiani
1010 1193 1157 1272 sepultum
1181 1194 1290 1254 honore
1305 1195 1394 1255 desti·

324 1312 402 1362 tutos
414 1301 549 1364 κύνεσσιν
564 1311 597 1362 ut
611 1303 730 1362 aiebant
746 1301 877 1363 οἰωνοῖσί
891 1321 927 1362 τε
941 1305 1014 1362 πᾶσι
1030 1301 1141 1385 ἑλώρια
1155 1307 1271 1387 τεῦχον.
1303 1306 1393 1364 Hanc

326 1411 382 1470 sibi
406 1414 534 1473 invicem
557 1414 765 1472 contumeliam
788 1414 885 1472 hostes
907 1412 1134 1485 minitabantur,
1156 1433 1214 1492 qua
1236 1415 1329 1473 maior
1349 1417 1394 1472 in·

326 1632 498 1710 Terpstram
512 1633 586 1692 haec
600 1632 816 1711 quodammodo
831 1652 883 1692 suo
906 1634 968 1690 iure
984 1630 1107 1691 dixisse:
1134 1652 1189 1691 nec
1208 1651 1279 1692 vero
1300 1633 1394 1691 ullum

325 1739 413 1800 rebus
429 1743 594 1800 accuratius
610 1742 801 1801 consideratis
816 1742 921 1817 fugere
934 1741 1062 1815 videtur,
1084 1742 1169 1800 illum
1189 1743 1286 1801 virum
1301 1743 1396 1801 multo

326 1851 394 1928 plus
418 1848 537 1909 dixisse.
586 1851 722 1930 Namque
747 1872 794 1910 me
819 1851 938 1930 quidem
964 1851 1061 1910 iudice
1086 1851 1222 1910 nonnulli
1244 1860 1323 1910 certe
1338 1851 1396 1910 loci

323 1980 443 2038 prorsus
466 1961 552 2018 aliter
573 1961 743 2039 explicandi
759 1969 837 2020 sunt.
881 1961 988 2019 Statim
1004 1962 1082 2020 enim
1097 1962 1183 2018 initio
1200 1960 1304 2018 Iliadis
1320 1961 1395 2018 haec

327 2068 418 2127 verba
433 2069 579 2145 leguntur,
596 2071 626 2127 A
642 2072 660 2129 3
677 2090 731 2149 sqq

476 2244 591 2318 πολλαὶς
607 2237 633 2306 δ’
652 2244 784 2331 ἰφθίμους
798 2241 894 2331 ψυχὰς
904 2237 987 2307 Ἄιδι
1001 2243 1146 2330 προΐαψεν

475 2353 589 2438 ἡρώων,
606 2350 715 2428 αὐτοὺς
731 2347 765 2416 δὲ
781 2354 892 2439 ἑλώρια
907 2359 996 2440 τεῦχε
1010 2361 1146 2418 κύνεσσιν

477 2463 607 2525 οἰωνοῖσί
621 2487 658 2525 τε
673 2472 756 2525 πᾶσι.

389 2643 447 2701 His
470 2651 569 2702 autern
588 2662 626 2702 ex
646 2641 780 2701 versibus
801 2643 878 2702 nihil
900 2643 981 2703 aliud
1004 2643 1239 2704 concludendum
1259 2652 1314 2717 eet,
1335 2645 1395 2702 nisi

327 2753 407 2833 quod
433 2755 522 2812 etiam
549 2754 608 2812 illis
634 2753 814 2832 temporibus
839 2755 993 2813 homericis
1019 2755 1096 2813 caesi
1122 2755 1219 2813 hostes
1244 2753 1341 2812 madio
1361 2754 1394 2811 in

324 2883 427 2942 eampo
450 2866 580 2922 iacentes
600 2863 639 2921 ab
658 2863 762 2922 avibus
784 2863 964 2943 canibusque
986 2865 1107 2922 lacerati
1130 2884 1165 2922 ac
1189 2864 1296 2922 comesi
1315 2872 1394 2922 sunt.

324 2972 523 3052 Respicienda
546 2993 662 3052 quoque
684 2982 752 3030 sunt
774 2974 912 3032 Hectoris
933 2972 1039 3046 verba,
1058 2975 1109 3052 qui
1125 2969 1154 3032 l]
1179 2976 1240 3032 836
1255 2973 1396 3031 Patroclo

324 3083 489 3142 minitatur:

476 3247 510 3311 σὲ
526 3241 560 3313 δέ
574 3251 602 3312 τ’
620 3243 727 3314 ἐνθάδε
742 3256 833 3338 γῦπες
849 3243 981 3312 ἔδονται

389 3427 568 3488 Conferendi
583 3436 651 3487 sunt
674 3432 764 3490 etiam
784 3449 886 3489 versus
904 3431 956 3508 qui
971 3428 1002 3488 Θ
1020 3432 1079 3489 379
1096 3425 1121 3487 P
1138 3431 1197 3487 127
1215 3423 1245 3487 X
1261 3430 1299 3488 89
1316 3422 1336 3506 ψ
1353 3431 1391 3486 21

326 3539 474 3616 leguntur.
534 3537 590 3598 Cui
624 3539 743 3618 quidem
781 3537 949 3597 crudelitati
981 3538 1071 3616 longe
1106 3540 1199 3597 maior
1227 3539 1397 3596 humanitas

325 3650 460 3727 opposita
474 3656 546 3707 erat.
589 3650 668 3708 'l’um
683 3649 761 3708 enim
776 3649 836 3707 iam
851 3649 945 3727 pactis
960 3648 1151 3707 constitutum
1172 3666 1235 3707 esse
1249 3646 1395 3720 videmus,

323 3765 356 3815 nt
379 3758 541 3816 occisorum
560 3758 688 3817 hostium
711 3778 833 3836 corpora
858 3757 1052 3818 redderentur
1072 3766 1245 3836 tempusque
1265 3756 1396 3830 daretur,

322 3886 381 3945 quo
396 3867 513 3945 sepeliri
528 3875 675 3946 poterant.
717 3867 809 3928 Cuius
823 3869 912 3928 morie
927 3867 1135 3926 documentum
1149 3867 1288 3926 Hectoris
1302 3864 1395 3924 verba
1427 3923 1433 3936 ,

322 3975 478 4054 praebent,
512 3978 562 4053 qui
594 3997 661 4035 cum
687 3976 806 4036 Achille
837 3995 1046 4053 congressurus
1083 3976 1156 4034 haec
1187 3973 1274 4034 dicit:
1309 3968 1393 4032 oux

324 4084 385 4143 254
401 4104 455 4163 sqq
